%YAML 1.1
%TAG !u! tag:unity3d.com,2011:
--- !u!1 &8426013784161918312
GameObject:
  m_ObjectHideFlags: 0
  m_CorrespondingSourceObject: {fileID: 0}
  m_PrefabInstance: {fileID: 0}
  m_PrefabAsset: {fileID: 0}
  serializedVersion: 6
  m_Component:
  - component: {fileID: 8426013784161918324}
  - component: {fileID: 8426013784161918327}
  - component: {fileID: 8426013784161918326}
  - component: {fileID: 3284216123677048944}
  - component: {fileID: 541268081045390987}
  - component: {fileID: 848260430671904004}
  m_Layer: 8
  m_Name: HexTile
  m_TagString: Tile
  m_Icon: {fileID: 0}
  m_NavMeshLayer: 0
  m_StaticEditorFlags: 0
  m_IsActive: 1
--- !u!4 &8426013784161918324
Transform:
  m_ObjectHideFlags: 0
  m_CorrespondingSourceObject: {fileID: 0}
  m_PrefabInstance: {fileID: 0}
  m_PrefabAsset: {fileID: 0}
  m_GameObject: {fileID: 8426013784161918312}
  m_LocalRotation: {x: 0, y: 0, z: -0, w: 1}
  m_LocalPosition: {x: 0, y: 0.011, z: 0}
  m_LocalScale: {x: 0.3, y: 0.3, z: 0.3}
  m_Children:
  - {fileID: 3583469987587239166}
  m_Father: {fileID: 0}
  m_RootOrder: 0
  m_LocalEulerAnglesHint: {x: 0, y: 0, z: 0}
--- !u!33 &8426013784161918327
MeshFilter:
  m_ObjectHideFlags: 0
  m_CorrespondingSourceObject: {fileID: 0}
  m_PrefabInstance: {fileID: 0}
  m_PrefabAsset: {fileID: 0}
  m_GameObject: {fileID: 8426013784161918312}
  m_Mesh: {fileID: 10209, guid: 0000000000000000e000000000000000, type: 0}
--- !u!23 &8426013784161918326
MeshRenderer:
  m_ObjectHideFlags: 0
  m_CorrespondingSourceObject: {fileID: 0}
  m_PrefabInstance: {fileID: 0}
  m_PrefabAsset: {fileID: 0}
  m_GameObject: {fileID: 8426013784161918312}
  m_Enabled: 1
  m_CastShadows: 1
  m_ReceiveShadows: 1
  m_DynamicOccludee: 1
  m_MotionVectors: 1
  m_LightProbeUsage: 1
  m_ReflectionProbeUsage: 1
  m_RenderingLayerMask: 1
  m_RendererPriority: 0
  m_Materials:
  - {fileID: 2100000, guid: 898aff5afbda28c4bb252bbbf89d1dc8, type: 2}
  m_StaticBatchInfo:
    firstSubMesh: 0
    subMeshCount: 0
  m_StaticBatchRoot: {fileID: 0}
  m_ProbeAnchor: {fileID: 0}
  m_LightProbeVolumeOverride: {fileID: 0}
  m_ScaleInLightmap: 1
  m_ReceiveGI: 1
  m_PreserveUVs: 0
  m_IgnoreNormalsForChartDetection: 0
  m_ImportantGI: 0
  m_StitchLightmapSeams: 1
  m_SelectedEditorRenderState: 3
  m_MinimumChartSize: 4
  m_AutoUVMaxDistance: 0.5
  m_AutoUVMaxAngle: 89
  m_LightmapParameters: {fileID: 0}
  m_SortingLayerID: 0
  m_SortingLayer: 0
  m_SortingOrder: 0
--- !u!136 &3284216123677048944
CapsuleCollider:
  m_ObjectHideFlags: 0
  m_CorrespondingSourceObject: {fileID: 0}
  m_PrefabInstance: {fileID: 0}
  m_PrefabAsset: {fileID: 0}
  m_GameObject: {fileID: 8426013784161918312}
  m_Material: {fileID: 0}
  m_IsTrigger: 0
  m_Enabled: 1
  m_Radius: 4.961815
  m_Height: 10.133462
  m_Direction: 1
  m_Center: {x: -0.012936294, y: -0.08046329, z: 0}
--- !u!114 &541268081045390987
MonoBehaviour:
  m_ObjectHideFlags: 0
  m_CorrespondingSourceObject: {fileID: 0}
  m_PrefabInstance: {fileID: 0}
  m_PrefabAsset: {fileID: 0}
  m_GameObject: {fileID: 8426013784161918312}
  m_Enabled: 1
  m_EditorHideFlags: 0
  m_Script: {fileID: 11500000, guid: c5d68a221bcb92847bfafd8e699ed340, type: 3}
  m_Name: 
  m_EditorClassIdentifier: 
  hCost: 0
  gCost: 0
  fCost: 0
  energyCost: 0
  currentPos: {x: 0, y: 0, z: 0}
  tileID: 0
  occupant: {fileID: 0}
  mask:
    serializedVersion: 2
    m_Bits: 32768
--- !u!114 &848260430671904004
MonoBehaviour:
  m_ObjectHideFlags: 0
  m_CorrespondingSourceObject: {fileID: 0}
  m_PrefabInstance: {fileID: 0}
  m_PrefabAsset: {fileID: 0}
  m_GameObject: {fileID: 8426013784161918312}
  m_Enabled: 1
  m_EditorHideFlags: 0
  m_Script: {fileID: 11500000, guid: f0fac4e04266b2c41b614a307ed27ae6, type: 3}
  m_Name: 
  m_EditorClassIdentifier: 
  base_: {fileID: 3583469988725619266}
  heal: {fileID: 3583469987942323229}
  particles: {fileID: 3583469988021671141}
  vertical: {fileID: 3583469988445700099}
--- !u!1001 &1896604105366549588
PrefabInstance:
  m_ObjectHideFlags: 0
  serializedVersion: 2
  m_Modification:
    m_TransformParent: {fileID: 8426013784161918324}
    m_Modifications:
    - target: {fileID: 3164092739570800810, guid: 9a3c71b57c24f394cb1f3d50cd51f47b,
        type: 3}
      propertyPath: m_LocalPosition.x
      value: 0
      objectReference: {fileID: 0}
    - target: {fileID: 3164092739570800810, guid: 9a3c71b57c24f394cb1f3d50cd51f47b,
        type: 3}
      propertyPath: m_LocalPosition.y
      value: 0.4
      objectReference: {fileID: 0}
    - target: {fileID: 3164092739570800810, guid: 9a3c71b57c24f394cb1f3d50cd51f47b,
        type: 3}
      propertyPath: m_LocalPosition.z
      value: -1.94
      objectReference: {fileID: 0}
    - target: {fileID: 3164092739570800810, guid: 9a3c71b57c24f394cb1f3d50cd51f47b,
        type: 3}
      propertyPath: m_LocalRotation.x
      value: 0
      objectReference: {fileID: 0}
    - target: {fileID: 3164092739570800810, guid: 9a3c71b57c24f394cb1f3d50cd51f47b,
        type: 3}
      propertyPath: m_LocalRotation.y
      value: 0
      objectReference: {fileID: 0}
    - target: {fileID: 3164092739570800810, guid: 9a3c71b57c24f394cb1f3d50cd51f47b,
        type: 3}
      propertyPath: m_LocalRotation.z
      value: 0
      objectReference: {fileID: 0}
    - target: {fileID: 3164092739570800810, guid: 9a3c71b57c24f394cb1f3d50cd51f47b,
        type: 3}
      propertyPath: m_LocalRotation.w
      value: 1
      objectReference: {fileID: 0}
    - target: {fileID: 3164092739570800810, guid: 9a3c71b57c24f394cb1f3d50cd51f47b,
        type: 3}
      propertyPath: m_RootOrder
      value: 0
      objectReference: {fileID: 0}
    - target: {fileID: 3164092739570800810, guid: 9a3c71b57c24f394cb1f3d50cd51f47b,
        type: 3}
      propertyPath: m_LocalEulerAnglesHint.x
      value: 0
      objectReference: {fileID: 0}
    - target: {fileID: 3164092739570800810, guid: 9a3c71b57c24f394cb1f3d50cd51f47b,
        type: 3}
      propertyPath: m_LocalEulerAnglesHint.y
      value: 0
      objectReference: {fileID: 0}
    - target: {fileID: 3164092739570800810, guid: 9a3c71b57c24f394cb1f3d50cd51f47b,
        type: 3}
      propertyPath: m_LocalEulerAnglesHint.z
      value: 0
      objectReference: {fileID: 0}
    - target: {fileID: 3164092739570800811, guid: 9a3c71b57c24f394cb1f3d50cd51f47b,
        type: 3}
      propertyPath: m_Name
      value: HealEffect
      objectReference: {fileID: 0}
    - target: {fileID: 3164092740210630833, guid: 9a3c71b57c24f394cb1f3d50cd51f47b,
        type: 3}
      propertyPath: playOnAwake
      value: 0
      objectReference: {fileID: 0}
    - target: {fileID: 3164092740210630839, guid: 9a3c71b57c24f394cb1f3d50cd51f47b,
        type: 3}
      propertyPath: m_LocalScale.x
      value: 0.6
      objectReference: {fileID: 0}
    - target: {fileID: 3164092740210630839, guid: 9a3c71b57c24f394cb1f3d50cd51f47b,
        type: 3}
      propertyPath: m_LocalScale.y
      value: 0.6
      objectReference: {fileID: 0}
    - target: {fileID: 3164092740210630839, guid: 9a3c71b57c24f394cb1f3d50cd51f47b,
        type: 3}
      propertyPath: m_LocalScale.z
      value: 0.6
      objectReference: {fileID: 0}
    - target: {fileID: 3164092740210630839, guid: 9a3c71b57c24f394cb1f3d50cd51f47b,
        type: 3}
      propertyPath: m_LocalPosition.z
      value: 1.95
      objectReference: {fileID: 0}
    - target: {fileID: 3164092740210630839, guid: 9a3c71b57c24f394cb1f3d50cd51f47b,
        type: 3}
      propertyPath: m_LocalPosition.x
      value: 0.08
      objectReference: {fileID: 0}
    - target: {fileID: 3164092740425801801, guid: 9a3c71b57c24f394cb1f3d50cd51f47b,
        type: 3}
      propertyPath: playOnAwake
      value: 0
      objectReference: {fileID: 0}
    - target: {fileID: 3164092740425801807, guid: 9a3c71b57c24f394cb1f3d50cd51f47b,
        type: 3}
      propertyPath: m_LocalScale.x
      value: 0.6
      objectReference: {fileID: 0}
    - target: {fileID: 3164092740425801807, guid: 9a3c71b57c24f394cb1f3d50cd51f47b,
        type: 3}
      propertyPath: m_LocalScale.y
      value: 0.6
      objectReference: {fileID: 0}
    - target: {fileID: 3164092740425801807, guid: 9a3c71b57c24f394cb1f3d50cd51f47b,
        type: 3}
      propertyPath: m_LocalScale.z
      value: 0.6
      objectReference: {fileID: 0}
    - target: {fileID: 3164092740425801807, guid: 9a3c71b57c24f394cb1f3d50cd51f47b,
        type: 3}
      propertyPath: m_LocalPosition.z
      value: 1.9499999
      objectReference: {fileID: 0}
    - target: {fileID: 3164092740425801807, guid: 9a3c71b57c24f394cb1f3d50cd51f47b,
        type: 3}
      propertyPath: m_LocalPosition.x
      value: 0.07999999
      objectReference: {fileID: 0}
    - target: {fileID: 3164092740714155540, guid: 9a3c71b57c24f394cb1f3d50cd51f47b,
        type: 3}
      propertyPath: m_LocalScale.x
      value: 0.6
      objectReference: {fileID: 0}
    - target: {fileID: 3164092740714155540, guid: 9a3c71b57c24f394cb1f3d50cd51f47b,
        type: 3}
      propertyPath: m_LocalScale.y
      value: 0.6
      objectReference: {fileID: 0}
    - target: {fileID: 3164092740714155540, guid: 9a3c71b57c24f394cb1f3d50cd51f47b,
        type: 3}
      propertyPath: m_LocalScale.z
      value: 0.6
      objectReference: {fileID: 0}
    - target: {fileID: 3164092740714155540, guid: 9a3c71b57c24f394cb1f3d50cd51f47b,
        type: 3}
      propertyPath: m_LocalPosition.z
      value: 1.9499999
      objectReference: {fileID: 0}
    - target: {fileID: 3164092740714155540, guid: 9a3c71b57c24f394cb1f3d50cd51f47b,
        type: 3}
      propertyPath: m_LocalPosition.x
      value: 0.07999999
      objectReference: {fileID: 0}
    - target: {fileID: 3164092740714155542, guid: 9a3c71b57c24f394cb1f3d50cd51f47b,
        type: 3}
      propertyPath: playOnAwake
      value: 0
      objectReference: {fileID: 0}
    - target: {fileID: 3164092740996691029, guid: 9a3c71b57c24f394cb1f3d50cd51f47b,
        type: 3}
      propertyPath: m_LocalScale.x
      value: 0.6
      objectReference: {fileID: 0}
    - target: {fileID: 3164092740996691029, guid: 9a3c71b57c24f394cb1f3d50cd51f47b,
        type: 3}
      propertyPath: m_LocalScale.y
      value: 0.6
      objectReference: {fileID: 0}
    - target: {fileID: 3164092740996691029, guid: 9a3c71b57c24f394cb1f3d50cd51f47b,
        type: 3}
      propertyPath: m_LocalScale.z
      value: 0.6
      objectReference: {fileID: 0}
    - target: {fileID: 3164092740996691029, guid: 9a3c71b57c24f394cb1f3d50cd51f47b,
        type: 3}
      propertyPath: m_LocalPosition.z
      value: 1.9499999
      objectReference: {fileID: 0}
    - target: {fileID: 3164092740996691029, guid: 9a3c71b57c24f394cb1f3d50cd51f47b,
        type: 3}
      propertyPath: m_LocalPosition.x
      value: 0.07999999
      objectReference: {fileID: 0}
    - target: {fileID: 3164092740996691031, guid: 9a3c71b57c24f394cb1f3d50cd51f47b,
        type: 3}
      propertyPath: playOnAwake
      value: 0
      objectReference: {fileID: 0}
    m_RemovedComponents: []
  m_SourcePrefab: {fileID: 100100000, guid: 9a3c71b57c24f394cb1f3d50cd51f47b, type: 3}
--- !u!4 &3583469987587239166 stripped
Transform:
  m_CorrespondingSourceObject: {fileID: 3164092739570800810, guid: 9a3c71b57c24f394cb1f3d50cd51f47b,
    type: 3}
  m_PrefabInstance: {fileID: 1896604105366549588}
  m_PrefabAsset: {fileID: 0}
--- !u!198 &3583469988725619266 stripped
ParticleSystem:
  m_CorrespondingSourceObject: {fileID: 3164092740714155542, guid: 9a3c71b57c24f394cb1f3d50cd51f47b,
    type: 3}
  m_PrefabInstance: {fileID: 1896604105366549588}
  m_PrefabAsset: {fileID: 0}
--- !u!198 &3583469987942323229 stripped
ParticleSystem:
  m_CorrespondingSourceObject: {fileID: 3164092740425801801, guid: 9a3c71b57c24f394cb1f3d50cd51f47b,
    type: 3}
  m_PrefabInstance: {fileID: 1896604105366549588}
  m_PrefabAsset: {fileID: 0}
--- !u!198 &3583469988021671141 stripped
ParticleSystem:
  m_CorrespondingSourceObject: {fileID: 3164092740210630833, guid: 9a3c71b57c24f394cb1f3d50cd51f47b,
    type: 3}
  m_PrefabInstance: {fileID: 1896604105366549588}
  m_PrefabAsset: {fileID: 0}
--- !u!198 &3583469988445700099 stripped
ParticleSystem:
  m_CorrespondingSourceObject: {fileID: 3164092740996691031, guid: 9a3c71b57c24f394cb1f3d50cd51f47b,
    type: 3}
  m_PrefabInstance: {fileID: 1896604105366549588}
  m_PrefabAsset: {fileID: 0}
