%YAML 1.1
%TAG !u! tag:unity3d.com,2011:
--- !u!1 &4590167534928542490
GameObject:
  m_ObjectHideFlags: 0
  m_CorrespondingSourceObject: {fileID: 0}
  m_PrefabInstance: {fileID: 0}
  m_PrefabAsset: {fileID: 0}
  serializedVersion: 6
  m_Component:
  - component: {fileID: 1424273820208659815}
  m_Layer: 0
  m_Name: Bonfire
  m_TagString: Untagged
  m_Icon: {fileID: 0}
  m_NavMeshLayer: 0
  m_StaticEditorFlags: 0
  m_IsActive: 1
--- !u!4 &1424273820208659815
Transform:
  m_ObjectHideFlags: 0
  m_CorrespondingSourceObject: {fileID: 0}
  m_PrefabInstance: {fileID: 0}
  m_PrefabAsset: {fileID: 0}
  m_GameObject: {fileID: 4590167534928542490}
  m_LocalRotation: {x: -0.48781326, y: -0.5118967, z: -0.5118968, w: 0.48781323}
  m_LocalPosition: {x: 27.508, y: 26.713, z: -252.74}
  m_LocalScale: {x: 277.02112, y: 418.3112, z: 205.32964}
  m_Children:
  - {fileID: 5298677629112166535}
  - {fileID: 8675422769477407347}
  - {fileID: 3884935490664920234}
  - {fileID: 4429499462006697106}
  - {fileID: 2255037937726027047}
  - {fileID: 8697974320858419663}
  - {fileID: 2614846556043347908}
  - {fileID: 6072143739425924196}
  - {fileID: 7756061718845863960}
  - {fileID: 7026318830416286277}
  - {fileID: 2810808493392297720}
  - {fileID: 3939715950632106463}
  - {fileID: 3265053781775768128}
  - {fileID: 5868567216847591144}
  - {fileID: 8682859166075362238}
  - {fileID: 6978829107139960429}
  - {fileID: 5709650091658938645}
  - {fileID: 184751459271091115}
  - {fileID: 4202142484404747788}
  - {fileID: 4792561037532717407}
  - {fileID: 5671859670589889319}
  m_Father: {fileID: 0}
  m_RootOrder: 0
  m_LocalEulerAnglesHint: {x: -90.00001, y: 0, z: -92.76}
--- !u!1001 &265433900314423227
PrefabInstance:
  m_ObjectHideFlags: 0
  serializedVersion: 2
  m_Modification:
    m_TransformParent: {fileID: 1424273820208659815}
    m_Modifications:
    - target: {fileID: 5517967515215324846, guid: 634f0aaf1bf30f345ad5b0f8cf57c9a5,
        type: 3}
      propertyPath: m_LocalPosition.x
      value: -0.00404
      objectReference: {fileID: 0}
    - target: {fileID: 5517967515215324846, guid: 634f0aaf1bf30f345ad5b0f8cf57c9a5,
        type: 3}
      propertyPath: m_LocalPosition.y
      value: 0.001247
      objectReference: {fileID: 0}
    - target: {fileID: 5517967515215324846, guid: 634f0aaf1bf30f345ad5b0f8cf57c9a5,
        type: 3}
      propertyPath: m_LocalPosition.z
      value: -0.00092
      objectReference: {fileID: 0}
    - target: {fileID: 5517967515215324846, guid: 634f0aaf1bf30f345ad5b0f8cf57c9a5,
        type: 3}
      propertyPath: m_LocalRotation.x
      value: -0.000000461936
      objectReference: {fileID: 0}
    - target: {fileID: 5517967515215324846, guid: 634f0aaf1bf30f345ad5b0f8cf57c9a5,
        type: 3}
      propertyPath: m_LocalRotation.y
      value: 0.00000016391277
      objectReference: {fileID: 0}
    - target: {fileID: 5517967515215324846, guid: 634f0aaf1bf30f345ad5b0f8cf57c9a5,
        type: 3}
      propertyPath: m_LocalRotation.z
      value: -0.10778332
      objectReference: {fileID: 0}
    - target: {fileID: 5517967515215324846, guid: 634f0aaf1bf30f345ad5b0f8cf57c9a5,
        type: 3}
      propertyPath: m_LocalRotation.w
      value: 0.9941745
      objectReference: {fileID: 0}
    - target: {fileID: 5517967515215324846, guid: 634f0aaf1bf30f345ad5b0f8cf57c9a5,
        type: 3}
      propertyPath: m_RootOrder
      value: 16
      objectReference: {fileID: 0}
    - target: {fileID: 5517967515215324846, guid: 634f0aaf1bf30f345ad5b0f8cf57c9a5,
        type: 3}
      propertyPath: m_LocalEulerAnglesHint.x
      value: 0
      objectReference: {fileID: 0}
    - target: {fileID: 5517967515215324846, guid: 634f0aaf1bf30f345ad5b0f8cf57c9a5,
        type: 3}
      propertyPath: m_LocalEulerAnglesHint.y
      value: 0
      objectReference: {fileID: 0}
    - target: {fileID: 5517967515215324846, guid: 634f0aaf1bf30f345ad5b0f8cf57c9a5,
        type: 3}
      propertyPath: m_LocalEulerAnglesHint.z
      value: -12.375001
      objectReference: {fileID: 0}
    - target: {fileID: 5517967515215324846, guid: 634f0aaf1bf30f345ad5b0f8cf57c9a5,
        type: 3}
      propertyPath: m_LocalScale.x
      value: 0.026337657
      objectReference: {fileID: 0}
    - target: {fileID: 5517967515215324846, guid: 634f0aaf1bf30f345ad5b0f8cf57c9a5,
        type: 3}
      propertyPath: m_LocalScale.y
      value: 0.012799918
      objectReference: {fileID: 0}
    - target: {fileID: 5517967515215324846, guid: 634f0aaf1bf30f345ad5b0f8cf57c9a5,
        type: 3}
      propertyPath: m_LocalScale.z
      value: 0.047335412
      objectReference: {fileID: 0}
    - target: {fileID: 8847492857919640765, guid: 634f0aaf1bf30f345ad5b0f8cf57c9a5,
        type: 3}
      propertyPath: m_Name
      value: Rock (15)
      objectReference: {fileID: 0}
    m_RemovedComponents: []
  m_SourcePrefab: {fileID: 100100000, guid: 634f0aaf1bf30f345ad5b0f8cf57c9a5, type: 3}
--- !u!4 &5709650091658938645 stripped
Transform:
  m_CorrespondingSourceObject: {fileID: 5517967515215324846, guid: 634f0aaf1bf30f345ad5b0f8cf57c9a5,
    type: 3}
  m_PrefabInstance: {fileID: 265433900314423227}
  m_PrefabAsset: {fileID: 0}
--- !u!1001 &1013691339923916785
PrefabInstance:
  m_ObjectHideFlags: 0
  serializedVersion: 2
  m_Modification:
    m_TransformParent: {fileID: 1424273820208659815}
    m_Modifications:
    - target: {fileID: 5517967515215324846, guid: 634f0aaf1bf30f345ad5b0f8cf57c9a5,
        type: 3}
      propertyPath: m_LocalPosition.x
      value: -0.00172
      objectReference: {fileID: 0}
    - target: {fileID: 5517967515215324846, guid: 634f0aaf1bf30f345ad5b0f8cf57c9a5,
        type: 3}
      propertyPath: m_LocalPosition.y
      value: -0.00181
      objectReference: {fileID: 0}
    - target: {fileID: 5517967515215324846, guid: 634f0aaf1bf30f345ad5b0f8cf57c9a5,
        type: 3}
      propertyPath: m_LocalPosition.z
      value: -0.00092
      objectReference: {fileID: 0}
    - target: {fileID: 5517967515215324846, guid: 634f0aaf1bf30f345ad5b0f8cf57c9a5,
        type: 3}
      propertyPath: m_LocalRotation.x
      value: -0.000000029802319
      objectReference: {fileID: 0}
    - target: {fileID: 5517967515215324846, guid: 634f0aaf1bf30f345ad5b0f8cf57c9a5,
        type: 3}
      propertyPath: m_LocalRotation.y
      value: -0.00000008940696
      objectReference: {fileID: 0}
    - target: {fileID: 5517967515215324846, guid: 634f0aaf1bf30f345ad5b0f8cf57c9a5,
        type: 3}
      propertyPath: m_LocalRotation.z
      value: 0.6053087
      objectReference: {fileID: 0}
    - target: {fileID: 5517967515215324846, guid: 634f0aaf1bf30f345ad5b0f8cf57c9a5,
        type: 3}
      propertyPath: m_LocalRotation.w
      value: 0.79599077
      objectReference: {fileID: 0}
    - target: {fileID: 5517967515215324846, guid: 634f0aaf1bf30f345ad5b0f8cf57c9a5,
        type: 3}
      propertyPath: m_RootOrder
      value: 19
      objectReference: {fileID: 0}
    - target: {fileID: 5517967515215324846, guid: 634f0aaf1bf30f345ad5b0f8cf57c9a5,
        type: 3}
      propertyPath: m_LocalEulerAnglesHint.x
      value: 0
      objectReference: {fileID: 0}
    - target: {fileID: 5517967515215324846, guid: 634f0aaf1bf30f345ad5b0f8cf57c9a5,
        type: 3}
      propertyPath: m_LocalEulerAnglesHint.y
      value: 0
      objectReference: {fileID: 0}
    - target: {fileID: 5517967515215324846, guid: 634f0aaf1bf30f345ad5b0f8cf57c9a5,
        type: 3}
      propertyPath: m_LocalEulerAnglesHint.z
      value: 74.50201
      objectReference: {fileID: 0}
    - target: {fileID: 5517967515215324846, guid: 634f0aaf1bf30f345ad5b0f8cf57c9a5,
        type: 3}
      propertyPath: m_LocalScale.x
      value: 0.02808752
      objectReference: {fileID: 0}
    - target: {fileID: 5517967515215324846, guid: 634f0aaf1bf30f345ad5b0f8cf57c9a5,
        type: 3}
      propertyPath: m_LocalScale.y
      value: 0.082994424
      objectReference: {fileID: 0}
    - target: {fileID: 5517967515215324846, guid: 634f0aaf1bf30f345ad5b0f8cf57c9a5,
        type: 3}
      propertyPath: m_LocalScale.z
      value: 0.060210377
      objectReference: {fileID: 0}
    - target: {fileID: 8847492857919640765, guid: 634f0aaf1bf30f345ad5b0f8cf57c9a5,
        type: 3}
      propertyPath: m_Name
      value: Rock (17)
      objectReference: {fileID: 0}
    m_RemovedComponents: []
  m_SourcePrefab: {fileID: 100100000, guid: 634f0aaf1bf30f345ad5b0f8cf57c9a5, type: 3}
--- !u!4 &4792561037532717407 stripped
Transform:
  m_CorrespondingSourceObject: {fileID: 5517967515215324846, guid: 634f0aaf1bf30f345ad5b0f8cf57c9a5,
    type: 3}
  m_PrefabInstance: {fileID: 1013691339923916785}
  m_PrefabAsset: {fileID: 0}
--- !u!1001 &1616576072935700144
PrefabInstance:
  m_ObjectHideFlags: 0
  serializedVersion: 2
  m_Modification:
    m_TransformParent: {fileID: 1424273820208659815}
    m_Modifications:
    - target: {fileID: 658856302869087127, guid: f3a9f5929cfe4c54495aa151560befa3,
        type: 3}
      propertyPath: m_LocalPosition.x
      value: -0.0026814516
      objectReference: {fileID: 0}
    - target: {fileID: 658856302869087127, guid: f3a9f5929cfe4c54495aa151560befa3,
        type: 3}
      propertyPath: m_LocalPosition.y
      value: -0.0016833273
      objectReference: {fileID: 0}
    - target: {fileID: 658856302869087127, guid: f3a9f5929cfe4c54495aa151560befa3,
        type: 3}
      propertyPath: m_LocalPosition.z
      value: -0.000103398255
      objectReference: {fileID: 0}
    - target: {fileID: 658856302869087127, guid: f3a9f5929cfe4c54495aa151560befa3,
        type: 3}
      propertyPath: m_LocalRotation.x
      value: -0.33632427
      objectReference: {fileID: 0}
    - target: {fileID: 658856302869087127, guid: f3a9f5929cfe4c54495aa151560befa3,
        type: 3}
      propertyPath: m_LocalRotation.y
      value: 0.5650723
      objectReference: {fileID: 0}
    - target: {fileID: 658856302869087127, guid: f3a9f5929cfe4c54495aa151560befa3,
        type: 3}
      propertyPath: m_LocalRotation.z
      value: 0.4293542
      objectReference: {fileID: 0}
    - target: {fileID: 658856302869087127, guid: f3a9f5929cfe4c54495aa151560befa3,
        type: 3}
      propertyPath: m_LocalRotation.w
      value: 0.61905926
      objectReference: {fileID: 0}
    - target: {fileID: 658856302869087127, guid: f3a9f5929cfe4c54495aa151560befa3,
        type: 3}
      propertyPath: m_RootOrder
      value: 4
      objectReference: {fileID: 0}
    - target: {fileID: 658856302869087127, guid: f3a9f5929cfe4c54495aa151560befa3,
        type: 3}
      propertyPath: m_LocalEulerAnglesHint.x
      value: -7.7680006
      objectReference: {fileID: 0}
    - target: {fileID: 658856302869087127, guid: f3a9f5929cfe4c54495aa151560befa3,
        type: 3}
      propertyPath: m_LocalEulerAnglesHint.y
      value: 62.744003
      objectReference: {fileID: 0}
    - target: {fileID: 658856302869087127, guid: f3a9f5929cfe4c54495aa151560befa3,
        type: 3}
      propertyPath: m_LocalEulerAnglesHint.z
      value: -86.017006
      objectReference: {fileID: 0}
    - target: {fileID: 658856302869087127, guid: f3a9f5929cfe4c54495aa151560befa3,
        type: 3}
      propertyPath: m_LocalScale.x
      value: 0.32345095
      objectReference: {fileID: 0}
    - target: {fileID: 658856302869087127, guid: f3a9f5929cfe4c54495aa151560befa3,
        type: 3}
      propertyPath: m_LocalScale.y
      value: 0.22953793
      objectReference: {fileID: 0}
    - target: {fileID: 658856302869087127, guid: f3a9f5929cfe4c54495aa151560befa3,
        type: 3}
      propertyPath: m_LocalScale.z
      value: 0.30101916
      objectReference: {fileID: 0}
    - target: {fileID: 4790850970229833514, guid: f3a9f5929cfe4c54495aa151560befa3,
        type: 3}
      propertyPath: m_Name
      value: Bark
      objectReference: {fileID: 0}
    m_RemovedComponents: []
  m_SourcePrefab: {fileID: 100100000, guid: f3a9f5929cfe4c54495aa151560befa3, type: 3}
--- !u!4 &2255037937726027047 stripped
Transform:
  m_CorrespondingSourceObject: {fileID: 658856302869087127, guid: f3a9f5929cfe4c54495aa151560befa3,
    type: 3}
  m_PrefabInstance: {fileID: 1616576072935700144}
  m_PrefabAsset: {fileID: 0}
--- !u!1001 &1789992522111894218
PrefabInstance:
  m_ObjectHideFlags: 0
  serializedVersion: 2
  m_Modification:
    m_TransformParent: {fileID: 1424273820208659815}
    m_Modifications:
    - target: {fileID: 5517967515215324846, guid: 634f0aaf1bf30f345ad5b0f8cf57c9a5,
        type: 3}
      propertyPath: m_LocalPosition.x
      value: 0.00255
      objectReference: {fileID: 0}
    - target: {fileID: 5517967515215324846, guid: 634f0aaf1bf30f345ad5b0f8cf57c9a5,
        type: 3}
      propertyPath: m_LocalPosition.y
      value: 0.00147
      objectReference: {fileID: 0}
    - target: {fileID: 5517967515215324846, guid: 634f0aaf1bf30f345ad5b0f8cf57c9a5,
        type: 3}
      propertyPath: m_LocalPosition.z
      value: -0.00092
      objectReference: {fileID: 0}
    - target: {fileID: 5517967515215324846, guid: 634f0aaf1bf30f345ad5b0f8cf57c9a5,
        type: 3}
      propertyPath: m_LocalRotation.x
      value: 0.00000010430813
      objectReference: {fileID: 0}
    - target: {fileID: 5517967515215324846, guid: 634f0aaf1bf30f345ad5b0f8cf57c9a5,
        type: 3}
      propertyPath: m_LocalRotation.y
      value: 0.000000029802322
      objectReference: {fileID: 0}
    - target: {fileID: 5517967515215324846, guid: 634f0aaf1bf30f345ad5b0f8cf57c9a5,
        type: 3}
      propertyPath: m_LocalRotation.z
      value: -0.059906542
      objectReference: {fileID: 0}
    - target: {fileID: 5517967515215324846, guid: 634f0aaf1bf30f345ad5b0f8cf57c9a5,
        type: 3}
      propertyPath: m_LocalRotation.w
      value: 0.99820405
      objectReference: {fileID: 0}
    - target: {fileID: 5517967515215324846, guid: 634f0aaf1bf30f345ad5b0f8cf57c9a5,
        type: 3}
      propertyPath: m_RootOrder
      value: 7
      objectReference: {fileID: 0}
    - target: {fileID: 5517967515215324846, guid: 634f0aaf1bf30f345ad5b0f8cf57c9a5,
        type: 3}
      propertyPath: m_LocalEulerAnglesHint.x
      value: -90.00001
      objectReference: {fileID: 0}
    - target: {fileID: 5517967515215324846, guid: 634f0aaf1bf30f345ad5b0f8cf57c9a5,
        type: 3}
      propertyPath: m_LocalEulerAnglesHint.y
      value: 0
      objectReference: {fileID: 0}
    - target: {fileID: 5517967515215324846, guid: 634f0aaf1bf30f345ad5b0f8cf57c9a5,
        type: 3}
      propertyPath: m_LocalEulerAnglesHint.z
      value: -94.784004
      objectReference: {fileID: 0}
    - target: {fileID: 5517967515215324846, guid: 634f0aaf1bf30f345ad5b0f8cf57c9a5,
        type: 3}
      propertyPath: m_LocalScale.x
      value: 0.03788854
      objectReference: {fileID: 0}
    - target: {fileID: 5517967515215324846, guid: 634f0aaf1bf30f345ad5b0f8cf57c9a5,
        type: 3}
      propertyPath: m_LocalScale.y
      value: 0.052063726
      objectReference: {fileID: 0}
    - target: {fileID: 5517967515215324846, guid: 634f0aaf1bf30f345ad5b0f8cf57c9a5,
        type: 3}
      propertyPath: m_LocalScale.z
      value: 0.06809732
      objectReference: {fileID: 0}
    - target: {fileID: 8847492857919640765, guid: 634f0aaf1bf30f345ad5b0f8cf57c9a5,
        type: 3}
      propertyPath: m_Name
      value: Rock (7)
      objectReference: {fileID: 0}
    m_RemovedComponents: []
  m_SourcePrefab: {fileID: 100100000, guid: 634f0aaf1bf30f345ad5b0f8cf57c9a5, type: 3}
--- !u!4 &6072143739425924196 stripped
Transform:
  m_CorrespondingSourceObject: {fileID: 5517967515215324846, guid: 634f0aaf1bf30f345ad5b0f8cf57c9a5,
    type: 3}
  m_PrefabInstance: {fileID: 1789992522111894218}
  m_PrefabAsset: {fileID: 0}
--- !u!1001 &2153447340386152518
PrefabInstance:
  m_ObjectHideFlags: 0
  serializedVersion: 2
  m_Modification:
    m_TransformParent: {fileID: 1424273820208659815}
    m_Modifications:
    - target: {fileID: 5517967515215324846, guid: 634f0aaf1bf30f345ad5b0f8cf57c9a5,
        type: 3}
      propertyPath: m_LocalPosition.x
      value: 0.00137
      objectReference: {fileID: 0}
    - target: {fileID: 5517967515215324846, guid: 634f0aaf1bf30f345ad5b0f8cf57c9a5,
        type: 3}
      propertyPath: m_LocalPosition.y
      value: -0.00181
      objectReference: {fileID: 0}
    - target: {fileID: 5517967515215324846, guid: 634f0aaf1bf30f345ad5b0f8cf57c9a5,
        type: 3}
      propertyPath: m_LocalPosition.z
      value: -0.00092
      objectReference: {fileID: 0}
    - target: {fileID: 5517967515215324846, guid: 634f0aaf1bf30f345ad5b0f8cf57c9a5,
        type: 3}
      propertyPath: m_LocalRotation.x
      value: -0.00000023841855
      objectReference: {fileID: 0}
    - target: {fileID: 5517967515215324846, guid: 634f0aaf1bf30f345ad5b0f8cf57c9a5,
        type: 3}
      propertyPath: m_LocalRotation.y
      value: -0.00000035762784
      objectReference: {fileID: 0}
    - target: {fileID: 5517967515215324846, guid: 634f0aaf1bf30f345ad5b0f8cf57c9a5,
        type: 3}
      propertyPath: m_LocalRotation.z
      value: 0.49617964
      objectReference: {fileID: 0}
    - target: {fileID: 5517967515215324846, guid: 634f0aaf1bf30f345ad5b0f8cf57c9a5,
        type: 3}
      propertyPath: m_LocalRotation.w
      value: 0.86821985
      objectReference: {fileID: 0}
    - target: {fileID: 5517967515215324846, guid: 634f0aaf1bf30f345ad5b0f8cf57c9a5,
        type: 3}
      propertyPath: m_RootOrder
      value: 13
      objectReference: {fileID: 0}
    - target: {fileID: 5517967515215324846, guid: 634f0aaf1bf30f345ad5b0f8cf57c9a5,
        type: 3}
      propertyPath: m_LocalEulerAnglesHint.x
      value: 0
      objectReference: {fileID: 0}
    - target: {fileID: 5517967515215324846, guid: 634f0aaf1bf30f345ad5b0f8cf57c9a5,
        type: 3}
      propertyPath: m_LocalEulerAnglesHint.y
      value: 0
      objectReference: {fileID: 0}
    - target: {fileID: 5517967515215324846, guid: 634f0aaf1bf30f345ad5b0f8cf57c9a5,
        type: 3}
      propertyPath: m_LocalEulerAnglesHint.z
      value: 59.495003
      objectReference: {fileID: 0}
    - target: {fileID: 5517967515215324846, guid: 634f0aaf1bf30f345ad5b0f8cf57c9a5,
        type: 3}
      propertyPath: m_LocalScale.x
      value: 0.019671375
      objectReference: {fileID: 0}
    - target: {fileID: 5517967515215324846, guid: 634f0aaf1bf30f345ad5b0f8cf57c9a5,
        type: 3}
      propertyPath: m_LocalScale.y
      value: 0.023727791
      objectReference: {fileID: 0}
    - target: {fileID: 5517967515215324846, guid: 634f0aaf1bf30f345ad5b0f8cf57c9a5,
        type: 3}
      propertyPath: m_LocalScale.z
      value: 0.052744053
      objectReference: {fileID: 0}
    - target: {fileID: 8847492857919640765, guid: 634f0aaf1bf30f345ad5b0f8cf57c9a5,
        type: 3}
      propertyPath: m_Name
      value: Rock (4)
      objectReference: {fileID: 0}
    m_RemovedComponents: []
  m_SourcePrefab: {fileID: 100100000, guid: 634f0aaf1bf30f345ad5b0f8cf57c9a5, type: 3}
--- !u!4 &5868567216847591144 stripped
Transform:
  m_CorrespondingSourceObject: {fileID: 5517967515215324846, guid: 634f0aaf1bf30f345ad5b0f8cf57c9a5,
    type: 3}
  m_PrefabInstance: {fileID: 2153447340386152518}
  m_PrefabAsset: {fileID: 0}
--- !u!1001 &2823989178287382198
PrefabInstance:
  m_ObjectHideFlags: 0
  serializedVersion: 2
  m_Modification:
    m_TransformParent: {fileID: 1424273820208659815}
    m_Modifications:
    - target: {fileID: 5517967515215324846, guid: 634f0aaf1bf30f345ad5b0f8cf57c9a5,
        type: 3}
      propertyPath: m_LocalPosition.x
      value: -0.00279
      objectReference: {fileID: 0}
    - target: {fileID: 5517967515215324846, guid: 634f0aaf1bf30f345ad5b0f8cf57c9a5,
        type: 3}
      propertyPath: m_LocalPosition.y
      value: 0.00246
      objectReference: {fileID: 0}
    - target: {fileID: 5517967515215324846, guid: 634f0aaf1bf30f345ad5b0f8cf57c9a5,
        type: 3}
      propertyPath: m_LocalPosition.z
      value: -0.00092189433
      objectReference: {fileID: 0}
    - target: {fileID: 5517967515215324846, guid: 634f0aaf1bf30f345ad5b0f8cf57c9a5,
        type: 3}
      propertyPath: m_LocalRotation.x
      value: 0.000000057742
      objectReference: {fileID: 0}
    - target: {fileID: 5517967515215324846, guid: 634f0aaf1bf30f345ad5b0f8cf57c9a5,
        type: 3}
      propertyPath: m_LocalRotation.y
      value: 0.000000059604645
      objectReference: {fileID: 0}
    - target: {fileID: 5517967515215324846, guid: 634f0aaf1bf30f345ad5b0f8cf57c9a5,
        type: 3}
      propertyPath: m_LocalRotation.z
      value: -0.74800986
      objectReference: {fileID: 0}
    - target: {fileID: 5517967515215324846, guid: 634f0aaf1bf30f345ad5b0f8cf57c9a5,
        type: 3}
      propertyPath: m_LocalRotation.w
      value: 0.6636877
      objectReference: {fileID: 0}
    - target: {fileID: 5517967515215324846, guid: 634f0aaf1bf30f345ad5b0f8cf57c9a5,
        type: 3}
      propertyPath: m_RootOrder
      value: 8
      objectReference: {fileID: 0}
    - target: {fileID: 5517967515215324846, guid: 634f0aaf1bf30f345ad5b0f8cf57c9a5,
        type: 3}
      propertyPath: m_LocalEulerAnglesHint.x
      value: -90.00001
      objectReference: {fileID: 0}
    - target: {fileID: 5517967515215324846, guid: 634f0aaf1bf30f345ad5b0f8cf57c9a5,
        type: 3}
      propertyPath: m_LocalEulerAnglesHint.y
      value: 0
      objectReference: {fileID: 0}
    - target: {fileID: 5517967515215324846, guid: 634f0aaf1bf30f345ad5b0f8cf57c9a5,
        type: 3}
      propertyPath: m_LocalEulerAnglesHint.z
      value: -184.75099
      objectReference: {fileID: 0}
    - target: {fileID: 5517967515215324846, guid: 634f0aaf1bf30f345ad5b0f8cf57c9a5,
        type: 3}
      propertyPath: m_LocalScale.x
      value: 0.026029492
      objectReference: {fileID: 0}
    - target: {fileID: 5517967515215324846, guid: 634f0aaf1bf30f345ad5b0f8cf57c9a5,
        type: 3}
      propertyPath: m_LocalScale.y
      value: 0.079615064
      objectReference: {fileID: 0}
    - target: {fileID: 5517967515215324846, guid: 634f0aaf1bf30f345ad5b0f8cf57c9a5,
        type: 3}
      propertyPath: m_LocalScale.z
      value: 0.06979811
      objectReference: {fileID: 0}
    - target: {fileID: 8847492857919640765, guid: 634f0aaf1bf30f345ad5b0f8cf57c9a5,
        type: 3}
      propertyPath: m_Name
      value: Rock (8)
      objectReference: {fileID: 0}
    m_RemovedComponents: []
  m_SourcePrefab: {fileID: 100100000, guid: 634f0aaf1bf30f345ad5b0f8cf57c9a5, type: 3}
--- !u!4 &7756061718845863960 stripped
Transform:
  m_CorrespondingSourceObject: {fileID: 5517967515215324846, guid: 634f0aaf1bf30f345ad5b0f8cf57c9a5,
    type: 3}
  m_PrefabInstance: {fileID: 2823989178287382198}
  m_PrefabAsset: {fileID: 0}
--- !u!1001 &3191374421951920323
PrefabInstance:
  m_ObjectHideFlags: 0
  serializedVersion: 2
  m_Modification:
    m_TransformParent: {fileID: 1424273820208659815}
    m_Modifications:
    - target: {fileID: 5517967515215324846, guid: 634f0aaf1bf30f345ad5b0f8cf57c9a5,
        type: 3}
      propertyPath: m_LocalPosition.x
      value: -0.00443
      objectReference: {fileID: 0}
    - target: {fileID: 5517967515215324846, guid: 634f0aaf1bf30f345ad5b0f8cf57c9a5,
        type: 3}
      propertyPath: m_LocalPosition.y
      value: 0.000799
      objectReference: {fileID: 0}
    - target: {fileID: 5517967515215324846, guid: 634f0aaf1bf30f345ad5b0f8cf57c9a5,
        type: 3}
      propertyPath: m_LocalPosition.z
      value: -0.00092
      objectReference: {fileID: 0}
    - target: {fileID: 5517967515215324846, guid: 634f0aaf1bf30f345ad5b0f8cf57c9a5,
        type: 3}
      propertyPath: m_LocalRotation.x
      value: -0.000000461936
      objectReference: {fileID: 0}
    - target: {fileID: 5517967515215324846, guid: 634f0aaf1bf30f345ad5b0f8cf57c9a5,
        type: 3}
      propertyPath: m_LocalRotation.y
      value: 0.00000016391277
      objectReference: {fileID: 0}
    - target: {fileID: 5517967515215324846, guid: 634f0aaf1bf30f345ad5b0f8cf57c9a5,
        type: 3}
      propertyPath: m_LocalRotation.z
      value: -0.10778332
      objectReference: {fileID: 0}
    - target: {fileID: 5517967515215324846, guid: 634f0aaf1bf30f345ad5b0f8cf57c9a5,
        type: 3}
      propertyPath: m_LocalRotation.w
      value: 0.9941745
      objectReference: {fileID: 0}
    - target: {fileID: 5517967515215324846, guid: 634f0aaf1bf30f345ad5b0f8cf57c9a5,
        type: 3}
      propertyPath: m_RootOrder
      value: 15
      objectReference: {fileID: 0}
    - target: {fileID: 5517967515215324846, guid: 634f0aaf1bf30f345ad5b0f8cf57c9a5,
        type: 3}
      propertyPath: m_LocalEulerAnglesHint.x
      value: 0
      objectReference: {fileID: 0}
    - target: {fileID: 5517967515215324846, guid: 634f0aaf1bf30f345ad5b0f8cf57c9a5,
        type: 3}
      propertyPath: m_LocalEulerAnglesHint.y
      value: 0
      objectReference: {fileID: 0}
    - target: {fileID: 5517967515215324846, guid: 634f0aaf1bf30f345ad5b0f8cf57c9a5,
        type: 3}
      propertyPath: m_LocalEulerAnglesHint.z
      value: -12.375001
      objectReference: {fileID: 0}
    - target: {fileID: 5517967515215324846, guid: 634f0aaf1bf30f345ad5b0f8cf57c9a5,
        type: 3}
      propertyPath: m_LocalScale.x
      value: 0.028627887
      objectReference: {fileID: 0}
    - target: {fileID: 5517967515215324846, guid: 634f0aaf1bf30f345ad5b0f8cf57c9a5,
        type: 3}
      propertyPath: m_LocalScale.y
      value: 0.013912953
      objectReference: {fileID: 0}
    - target: {fileID: 5517967515215324846, guid: 634f0aaf1bf30f345ad5b0f8cf57c9a5,
        type: 3}
      propertyPath: m_LocalScale.z
      value: 0.051451534
      objectReference: {fileID: 0}
    - target: {fileID: 8847492857919640765, guid: 634f0aaf1bf30f345ad5b0f8cf57c9a5,
        type: 3}
      propertyPath: m_Name
      value: Rock (14)
      objectReference: {fileID: 0}
    m_RemovedComponents: []
  m_SourcePrefab: {fileID: 100100000, guid: 634f0aaf1bf30f345ad5b0f8cf57c9a5, type: 3}
--- !u!4 &6978829107139960429 stripped
Transform:
  m_CorrespondingSourceObject: {fileID: 5517967515215324846, guid: 634f0aaf1bf30f345ad5b0f8cf57c9a5,
    type: 3}
  m_PrefabInstance: {fileID: 3191374421951920323}
  m_PrefabAsset: {fileID: 0}
--- !u!1001 &3247585197974369515
PrefabInstance:
  m_ObjectHideFlags: 0
  serializedVersion: 2
  m_Modification:
    m_TransformParent: {fileID: 1424273820208659815}
    m_Modifications:
    - target: {fileID: 5517967515215324846, guid: 634f0aaf1bf30f345ad5b0f8cf57c9a5,
        type: 3}
      propertyPath: m_LocalPosition.x
      value: -0.00119
      objectReference: {fileID: 0}
    - target: {fileID: 5517967515215324846, guid: 634f0aaf1bf30f345ad5b0f8cf57c9a5,
        type: 3}
      propertyPath: m_LocalPosition.y
      value: 0.00285
      objectReference: {fileID: 0}
    - target: {fileID: 5517967515215324846, guid: 634f0aaf1bf30f345ad5b0f8cf57c9a5,
        type: 3}
      propertyPath: m_LocalPosition.z
      value: -0.00092
      objectReference: {fileID: 0}
    - target: {fileID: 5517967515215324846, guid: 634f0aaf1bf30f345ad5b0f8cf57c9a5,
        type: 3}
      propertyPath: m_LocalRotation.x
      value: 0.000000057742
      objectReference: {fileID: 0}
    - target: {fileID: 5517967515215324846, guid: 634f0aaf1bf30f345ad5b0f8cf57c9a5,
        type: 3}
      propertyPath: m_LocalRotation.y
      value: 0.000000059604645
      objectReference: {fileID: 0}
    - target: {fileID: 5517967515215324846, guid: 634f0aaf1bf30f345ad5b0f8cf57c9a5,
        type: 3}
      propertyPath: m_LocalRotation.z
      value: -0.74800986
      objectReference: {fileID: 0}
    - target: {fileID: 5517967515215324846, guid: 634f0aaf1bf30f345ad5b0f8cf57c9a5,
        type: 3}
      propertyPath: m_LocalRotation.w
      value: 0.6636877
      objectReference: {fileID: 0}
    - target: {fileID: 5517967515215324846, guid: 634f0aaf1bf30f345ad5b0f8cf57c9a5,
        type: 3}
      propertyPath: m_RootOrder
      value: 9
      objectReference: {fileID: 0}
    - target: {fileID: 5517967515215324846, guid: 634f0aaf1bf30f345ad5b0f8cf57c9a5,
        type: 3}
      propertyPath: m_LocalEulerAnglesHint.x
      value: -90.00001
      objectReference: {fileID: 0}
    - target: {fileID: 5517967515215324846, guid: 634f0aaf1bf30f345ad5b0f8cf57c9a5,
        type: 3}
      propertyPath: m_LocalEulerAnglesHint.y
      value: 0
      objectReference: {fileID: 0}
    - target: {fileID: 5517967515215324846, guid: 634f0aaf1bf30f345ad5b0f8cf57c9a5,
        type: 3}
      propertyPath: m_LocalEulerAnglesHint.z
      value: -184.75099
      objectReference: {fileID: 0}
    - target: {fileID: 5517967515215324846, guid: 634f0aaf1bf30f345ad5b0f8cf57c9a5,
        type: 3}
      propertyPath: m_LocalScale.x
      value: 0.017389523
      objectReference: {fileID: 0}
    - target: {fileID: 5517967515215324846, guid: 634f0aaf1bf30f345ad5b0f8cf57c9a5,
        type: 3}
      propertyPath: m_LocalScale.y
      value: 0.053188436
      objectReference: {fileID: 0}
    - target: {fileID: 5517967515215324846, guid: 634f0aaf1bf30f345ad5b0f8cf57c9a5,
        type: 3}
      propertyPath: m_LocalScale.z
      value: 0.046630025
      objectReference: {fileID: 0}
    - target: {fileID: 8847492857919640765, guid: 634f0aaf1bf30f345ad5b0f8cf57c9a5,
        type: 3}
      propertyPath: m_Name
      value: Rock (9)
      objectReference: {fileID: 0}
    m_RemovedComponents: []
  m_SourcePrefab: {fileID: 100100000, guid: 634f0aaf1bf30f345ad5b0f8cf57c9a5, type: 3}
--- !u!4 &7026318830416286277 stripped
Transform:
  m_CorrespondingSourceObject: {fileID: 5517967515215324846, guid: 634f0aaf1bf30f345ad5b0f8cf57c9a5,
    type: 3}
  m_PrefabInstance: {fileID: 3247585197974369515}
  m_PrefabAsset: {fileID: 0}
--- !u!1001 &3757879744351287137
PrefabInstance:
  m_ObjectHideFlags: 0
  serializedVersion: 2
  m_Modification:
    m_TransformParent: {fileID: 1424273820208659815}
    m_Modifications:
    - target: {fileID: 5517967515215324846, guid: 634f0aaf1bf30f345ad5b0f8cf57c9a5,
        type: 3}
      propertyPath: m_LocalPosition.x
      value: 0.00213
      objectReference: {fileID: 0}
    - target: {fileID: 5517967515215324846, guid: 634f0aaf1bf30f345ad5b0f8cf57c9a5,
        type: 3}
      propertyPath: m_LocalPosition.y
      value: -0.00107
      objectReference: {fileID: 0}
    - target: {fileID: 5517967515215324846, guid: 634f0aaf1bf30f345ad5b0f8cf57c9a5,
        type: 3}
      propertyPath: m_LocalPosition.z
      value: -0.00092
      objectReference: {fileID: 0}
    - target: {fileID: 5517967515215324846, guid: 634f0aaf1bf30f345ad5b0f8cf57c9a5,
        type: 3}
      propertyPath: m_LocalRotation.x
      value: -0.00000014901161
      objectReference: {fileID: 0}
    - target: {fileID: 5517967515215324846, guid: 634f0aaf1bf30f345ad5b0f8cf57c9a5,
        type: 3}
      propertyPath: m_LocalRotation.y
      value: -0.000000029802322
      objectReference: {fileID: 0}
    - target: {fileID: 5517967515215324846, guid: 634f0aaf1bf30f345ad5b0f8cf57c9a5,
        type: 3}
      propertyPath: m_LocalRotation.z
      value: 0.801691
      objectReference: {fileID: 0}
    - target: {fileID: 5517967515215324846, guid: 634f0aaf1bf30f345ad5b0f8cf57c9a5,
        type: 3}
      propertyPath: m_LocalRotation.w
      value: 0.59773874
      objectReference: {fileID: 0}
    - target: {fileID: 5517967515215324846, guid: 634f0aaf1bf30f345ad5b0f8cf57c9a5,
        type: 3}
      propertyPath: m_RootOrder
      value: 5
      objectReference: {fileID: 0}
    - target: {fileID: 5517967515215324846, guid: 634f0aaf1bf30f345ad5b0f8cf57c9a5,
        type: 3}
      propertyPath: m_LocalEulerAnglesHint.x
      value: 0
      objectReference: {fileID: 0}
    - target: {fileID: 5517967515215324846, guid: 634f0aaf1bf30f345ad5b0f8cf57c9a5,
        type: 3}
      propertyPath: m_LocalEulerAnglesHint.y
      value: 0
      objectReference: {fileID: 0}
    - target: {fileID: 5517967515215324846, guid: 634f0aaf1bf30f345ad5b0f8cf57c9a5,
        type: 3}
      propertyPath: m_LocalEulerAnglesHint.z
      value: 106.58401
      objectReference: {fileID: 0}
    - target: {fileID: 5517967515215324846, guid: 634f0aaf1bf30f345ad5b0f8cf57c9a5,
        type: 3}
      propertyPath: m_LocalScale.x
      value: 0.02808752
      objectReference: {fileID: 0}
    - target: {fileID: 5517967515215324846, guid: 634f0aaf1bf30f345ad5b0f8cf57c9a5,
        type: 3}
      propertyPath: m_LocalScale.y
      value: 0.03387942
      objectReference: {fileID: 0}
    - target: {fileID: 5517967515215324846, guid: 634f0aaf1bf30f345ad5b0f8cf57c9a5,
        type: 3}
      propertyPath: m_LocalScale.z
      value: 0.07530992
      objectReference: {fileID: 0}
    - target: {fileID: 8847492857919640765, guid: 634f0aaf1bf30f345ad5b0f8cf57c9a5,
        type: 3}
      propertyPath: m_Name
      value: Rock (3)
      objectReference: {fileID: 0}
    m_RemovedComponents: []
  m_SourcePrefab: {fileID: 100100000, guid: 634f0aaf1bf30f345ad5b0f8cf57c9a5, type: 3}
--- !u!4 &8697974320858419663 stripped
Transform:
  m_CorrespondingSourceObject: {fileID: 5517967515215324846, guid: 634f0aaf1bf30f345ad5b0f8cf57c9a5,
    type: 3}
  m_PrefabInstance: {fileID: 3757879744351287137}
  m_PrefabAsset: {fileID: 0}
--- !u!1001 &3772895105585475333
PrefabInstance:
  m_ObjectHideFlags: 0
  serializedVersion: 2
  m_Modification:
    m_TransformParent: {fileID: 1424273820208659815}
    m_Modifications:
    - target: {fileID: 658856302869087127, guid: f3a9f5929cfe4c54495aa151560befa3,
        type: 3}
      propertyPath: m_LocalPosition.x
      value: -0.0040617925
      objectReference: {fileID: 0}
    - target: {fileID: 658856302869087127, guid: f3a9f5929cfe4c54495aa151560befa3,
        type: 3}
      propertyPath: m_LocalPosition.y
      value: 0.0011020077
      objectReference: {fileID: 0}
    - target: {fileID: 658856302869087127, guid: f3a9f5929cfe4c54495aa151560befa3,
        type: 3}
      propertyPath: m_LocalPosition.z
      value: -0.0009782225
      objectReference: {fileID: 0}
    - target: {fileID: 658856302869087127, guid: f3a9f5929cfe4c54495aa151560befa3,
        type: 3}
      propertyPath: m_LocalRotation.x
      value: 0.034246918
      objectReference: {fileID: 0}
    - target: {fileID: 658856302869087127, guid: f3a9f5929cfe4c54495aa151560befa3,
        type: 3}
      propertyPath: m_LocalRotation.y
      value: 0.57895076
      objectReference: {fileID: 0}
    - target: {fileID: 658856302869087127, guid: f3a9f5929cfe4c54495aa151560befa3,
        type: 3}
      propertyPath: m_LocalRotation.z
      value: -0.05051867
      objectReference: {fileID: 0}
    - target: {fileID: 658856302869087127, guid: f3a9f5929cfe4c54495aa151560befa3,
        type: 3}
      propertyPath: m_LocalRotation.w
      value: 0.81307507
      objectReference: {fileID: 0}
    - target: {fileID: 658856302869087127, guid: f3a9f5929cfe4c54495aa151560befa3,
        type: 3}
      propertyPath: m_RootOrder
      value: 3
      objectReference: {fileID: 0}
    - target: {fileID: 658856302869087127, guid: f3a9f5929cfe4c54495aa151560befa3,
        type: 3}
      propertyPath: m_LocalEulerAnglesHint.x
      value: -19.104
      objectReference: {fileID: 0}
    - target: {fileID: 658856302869087127, guid: f3a9f5929cfe4c54495aa151560befa3,
        type: 3}
      propertyPath: m_LocalEulerAnglesHint.y
      value: -9.701
      objectReference: {fileID: 0}
    - target: {fileID: 658856302869087127, guid: f3a9f5929cfe4c54495aa151560befa3,
        type: 3}
      propertyPath: m_LocalEulerAnglesHint.z
      value: -90.170006
      objectReference: {fileID: 0}
    - target: {fileID: 658856302869087127, guid: f3a9f5929cfe4c54495aa151560befa3,
        type: 3}
      propertyPath: m_LocalScale.x
      value: 0.31805864
      objectReference: {fileID: 0}
    - target: {fileID: 658856302869087127, guid: f3a9f5929cfe4c54495aa151560befa3,
        type: 3}
      propertyPath: m_LocalScale.y
      value: 0.1618635
      objectReference: {fileID: 0}
    - target: {fileID: 658856302869087127, guid: f3a9f5929cfe4c54495aa151560befa3,
        type: 3}
      propertyPath: m_LocalScale.z
      value: 0.42491835
      objectReference: {fileID: 0}
    - target: {fileID: 4790850970229833514, guid: f3a9f5929cfe4c54495aa151560befa3,
        type: 3}
      propertyPath: m_Name
      value: Bark (1)
      objectReference: {fileID: 0}
    m_RemovedComponents: []
  m_SourcePrefab: {fileID: 100100000, guid: f3a9f5929cfe4c54495aa151560befa3, type: 3}
--- !u!4 &4429499462006697106 stripped
Transform:
  m_CorrespondingSourceObject: {fileID: 658856302869087127, guid: f3a9f5929cfe4c54495aa151560befa3,
    type: 3}
  m_PrefabInstance: {fileID: 3772895105585475333}
  m_PrefabAsset: {fileID: 0}
--- !u!1001 &3813550873001819408
PrefabInstance:
  m_ObjectHideFlags: 0
  serializedVersion: 2
  m_Modification:
    m_TransformParent: {fileID: 1424273820208659815}
    m_Modifications:
    - target: {fileID: 5517967515215324846, guid: 634f0aaf1bf30f345ad5b0f8cf57c9a5,
        type: 3}
      propertyPath: m_LocalPosition.x
      value: -0.00422
      objectReference: {fileID: 0}
    - target: {fileID: 5517967515215324846, guid: 634f0aaf1bf30f345ad5b0f8cf57c9a5,
        type: 3}
      propertyPath: m_LocalPosition.y
      value: 0.00001
      objectReference: {fileID: 0}
    - target: {fileID: 5517967515215324846, guid: 634f0aaf1bf30f345ad5b0f8cf57c9a5,
        type: 3}
      propertyPath: m_LocalPosition.z
      value: -0.00092
      objectReference: {fileID: 0}
    - target: {fileID: 5517967515215324846, guid: 634f0aaf1bf30f345ad5b0f8cf57c9a5,
        type: 3}
      propertyPath: m_LocalRotation.x
      value: -0.000000461936
      objectReference: {fileID: 0}
    - target: {fileID: 5517967515215324846, guid: 634f0aaf1bf30f345ad5b0f8cf57c9a5,
        type: 3}
      propertyPath: m_LocalRotation.y
      value: 0.00000016391277
      objectReference: {fileID: 0}
    - target: {fileID: 5517967515215324846, guid: 634f0aaf1bf30f345ad5b0f8cf57c9a5,
        type: 3}
      propertyPath: m_LocalRotation.z
      value: -0.10778332
      objectReference: {fileID: 0}
    - target: {fileID: 5517967515215324846, guid: 634f0aaf1bf30f345ad5b0f8cf57c9a5,
        type: 3}
      propertyPath: m_LocalRotation.w
      value: 0.9941745
      objectReference: {fileID: 0}
    - target: {fileID: 5517967515215324846, guid: 634f0aaf1bf30f345ad5b0f8cf57c9a5,
        type: 3}
      propertyPath: m_RootOrder
      value: 14
      objectReference: {fileID: 0}
    - target: {fileID: 5517967515215324846, guid: 634f0aaf1bf30f345ad5b0f8cf57c9a5,
        type: 3}
      propertyPath: m_LocalEulerAnglesHint.x
      value: 0
      objectReference: {fileID: 0}
    - target: {fileID: 5517967515215324846, guid: 634f0aaf1bf30f345ad5b0f8cf57c9a5,
        type: 3}
      propertyPath: m_LocalEulerAnglesHint.y
      value: 0
      objectReference: {fileID: 0}
    - target: {fileID: 5517967515215324846, guid: 634f0aaf1bf30f345ad5b0f8cf57c9a5,
        type: 3}
      propertyPath: m_LocalEulerAnglesHint.z
      value: -12.375001
      objectReference: {fileID: 0}
    - target: {fileID: 5517967515215324846, guid: 634f0aaf1bf30f345ad5b0f8cf57c9a5,
        type: 3}
      propertyPath: m_LocalScale.x
      value: 0.028627887
      objectReference: {fileID: 0}
    - target: {fileID: 5517967515215324846, guid: 634f0aaf1bf30f345ad5b0f8cf57c9a5,
        type: 3}
      propertyPath: m_LocalScale.y
      value: 0.039335463
      objectReference: {fileID: 0}
    - target: {fileID: 5517967515215324846, guid: 634f0aaf1bf30f345ad5b0f8cf57c9a5,
        type: 3}
      propertyPath: m_LocalScale.z
      value: 0.051451534
      objectReference: {fileID: 0}
    - target: {fileID: 8847492857919640765, guid: 634f0aaf1bf30f345ad5b0f8cf57c9a5,
        type: 3}
      propertyPath: m_Name
      value: Rock (13)
      objectReference: {fileID: 0}
    m_RemovedComponents: []
  m_SourcePrefab: {fileID: 100100000, guid: 634f0aaf1bf30f345ad5b0f8cf57c9a5, type: 3}
--- !u!4 &8682859166075362238 stripped
Transform:
  m_CorrespondingSourceObject: {fileID: 5517967515215324846, guid: 634f0aaf1bf30f345ad5b0f8cf57c9a5,
    type: 3}
  m_PrefabInstance: {fileID: 3813550873001819408}
  m_PrefabAsset: {fileID: 0}
--- !u!1001 &4381626884600493885
PrefabInstance:
  m_ObjectHideFlags: 0
  serializedVersion: 2
  m_Modification:
    m_TransformParent: {fileID: 1424273820208659815}
    m_Modifications:
    - target: {fileID: 658856302869087127, guid: f3a9f5929cfe4c54495aa151560befa3,
        type: 3}
      propertyPath: m_LocalPosition.x
      value: 0.0027850256
      objectReference: {fileID: 0}
    - target: {fileID: 658856302869087127, guid: f3a9f5929cfe4c54495aa151560befa3,
        type: 3}
      propertyPath: m_LocalPosition.y
      value: 0.0018168364
      objectReference: {fileID: 0}
    - target: {fileID: 658856302869087127, guid: f3a9f5929cfe4c54495aa151560befa3,
        type: 3}
      propertyPath: m_LocalPosition.z
      value: 0.0009281416
      objectReference: {fileID: 0}
    - target: {fileID: 658856302869087127, guid: f3a9f5929cfe4c54495aa151560befa3,
        type: 3}
      propertyPath: m_LocalRotation.x
      value: -0.6901315
      objectReference: {fileID: 0}
    - target: {fileID: 658856302869087127, guid: f3a9f5929cfe4c54495aa151560befa3,
        type: 3}
      propertyPath: m_LocalRotation.y
      value: -0.24637073
      objectReference: {fileID: 0}
    - target: {fileID: 658856302869087127, guid: f3a9f5929cfe4c54495aa151560befa3,
        type: 3}
      propertyPath: m_LocalRotation.z
      value: 0.6655473
      objectReference: {fileID: 0}
    - target: {fileID: 658856302869087127, guid: f3a9f5929cfe4c54495aa151560befa3,
        type: 3}
      propertyPath: m_LocalRotation.w
      value: -0.14165786
      objectReference: {fileID: 0}
    - target: {fileID: 658856302869087127, guid: f3a9f5929cfe4c54495aa151560befa3,
        type: 3}
      propertyPath: m_RootOrder
      value: 2
      objectReference: {fileID: 0}
    - target: {fileID: 658856302869087127, guid: f3a9f5929cfe4c54495aa151560befa3,
        type: 3}
      propertyPath: m_LocalEulerAnglesHint.x
      value: 4.241
      objectReference: {fileID: 0}
    - target: {fileID: 658856302869087127, guid: f3a9f5929cfe4c54495aa151560befa3,
        type: 3}
      propertyPath: m_LocalEulerAnglesHint.y
      value: 208.902
      objectReference: {fileID: 0}
    - target: {fileID: 658856302869087127, guid: f3a9f5929cfe4c54495aa151560befa3,
        type: 3}
      propertyPath: m_LocalEulerAnglesHint.z
      value: -97.630005
      objectReference: {fileID: 0}
    - target: {fileID: 658856302869087127, guid: f3a9f5929cfe4c54495aa151560befa3,
        type: 3}
      propertyPath: m_LocalScale.x
      value: 0.32345095
      objectReference: {fileID: 0}
    - target: {fileID: 658856302869087127, guid: f3a9f5929cfe4c54495aa151560befa3,
        type: 3}
      propertyPath: m_LocalScale.y
      value: 0.18646404
      objectReference: {fileID: 0}
    - target: {fileID: 658856302869087127, guid: f3a9f5929cfe4c54495aa151560befa3,
        type: 3}
      propertyPath: m_LocalScale.z
      value: 0.37406015
      objectReference: {fileID: 0}
    - target: {fileID: 4790850970229833514, guid: f3a9f5929cfe4c54495aa151560befa3,
        type: 3}
      propertyPath: m_Name
      value: Bark (2)
      objectReference: {fileID: 0}
    m_RemovedComponents: []
  m_SourcePrefab: {fileID: 100100000, guid: f3a9f5929cfe4c54495aa151560befa3, type: 3}
--- !u!4 &3884935490664920234 stripped
Transform:
  m_CorrespondingSourceObject: {fileID: 658856302869087127, guid: f3a9f5929cfe4c54495aa151560befa3,
    type: 3}
  m_PrefabInstance: {fileID: 4381626884600493885}
  m_PrefabAsset: {fileID: 0}
--- !u!1001 &4444496264759843792
PrefabInstance:
  m_ObjectHideFlags: 0
  serializedVersion: 2
  m_Modification:
    m_TransformParent: {fileID: 1424273820208659815}
    m_Modifications:
    - target: {fileID: 8369564924892795800, guid: 08b82eb79103cfb4ea879440b305c663,
        type: 3}
      propertyPath: m_LocalPosition.y
      value: -0.163
      objectReference: {fileID: 0}
    - target: {fileID: 8369564924892795800, guid: 08b82eb79103cfb4ea879440b305c663,
        type: 3}
      propertyPath: m_LocalPosition.z
      value: 0.078
      objectReference: {fileID: 0}
    - target: {fileID: 8369564924892795800, guid: 08b82eb79103cfb4ea879440b305c663,
        type: 3}
      propertyPath: m_LocalScale.x
      value: 0.9937862
      objectReference: {fileID: 0}
    - target: {fileID: 8369564924892795800, guid: 08b82eb79103cfb4ea879440b305c663,
        type: 3}
      propertyPath: m_LocalScale.y
      value: 0.9937862
      objectReference: {fileID: 0}
    - target: {fileID: 8369564924892795800, guid: 08b82eb79103cfb4ea879440b305c663,
        type: 3}
      propertyPath: m_LocalScale.z
      value: 0.9937862
      objectReference: {fileID: 0}
    - target: {fileID: 8369564924892795800, guid: 08b82eb79103cfb4ea879440b305c663,
        type: 3}
      propertyPath: m_LocalPosition.x
      value: 0.299
      objectReference: {fileID: 0}
    - target: {fileID: 8369564925340039129, guid: 08b82eb79103cfb4ea879440b305c663,
        type: 3}
      propertyPath: m_LocalPosition.y
      value: -0.163
      objectReference: {fileID: 0}
    - target: {fileID: 8369564925340039129, guid: 08b82eb79103cfb4ea879440b305c663,
        type: 3}
      propertyPath: m_LocalPosition.z
      value: 0.078
      objectReference: {fileID: 0}
    - target: {fileID: 8369564925340039129, guid: 08b82eb79103cfb4ea879440b305c663,
        type: 3}
      propertyPath: m_LocalScale.x
      value: 0.9937862
      objectReference: {fileID: 0}
    - target: {fileID: 8369564925340039129, guid: 08b82eb79103cfb4ea879440b305c663,
        type: 3}
      propertyPath: m_LocalScale.y
      value: 0.9937862
      objectReference: {fileID: 0}
    - target: {fileID: 8369564925340039129, guid: 08b82eb79103cfb4ea879440b305c663,
        type: 3}
      propertyPath: m_LocalScale.z
      value: 0.9937862
      objectReference: {fileID: 0}
    - target: {fileID: 8369564925340039129, guid: 08b82eb79103cfb4ea879440b305c663,
        type: 3}
      propertyPath: m_LocalPosition.x
      value: 0.299
      objectReference: {fileID: 0}
    - target: {fileID: 8369564926395051033, guid: 08b82eb79103cfb4ea879440b305c663,
        type: 3}
      propertyPath: m_LocalPosition.y
      value: -0.163
      objectReference: {fileID: 0}
    - target: {fileID: 8369564926395051033, guid: 08b82eb79103cfb4ea879440b305c663,
        type: 3}
      propertyPath: m_LocalPosition.z
      value: 0.272
      objectReference: {fileID: 0}
    - target: {fileID: 8369564926395051033, guid: 08b82eb79103cfb4ea879440b305c663,
        type: 3}
      propertyPath: m_LocalScale.x
      value: 0.9937862
      objectReference: {fileID: 0}
    - target: {fileID: 8369564926395051033, guid: 08b82eb79103cfb4ea879440b305c663,
        type: 3}
      propertyPath: m_LocalScale.y
      value: 0.9937862
      objectReference: {fileID: 0}
    - target: {fileID: 8369564926395051033, guid: 08b82eb79103cfb4ea879440b305c663,
        type: 3}
      propertyPath: m_LocalScale.z
      value: 0.9937862
      objectReference: {fileID: 0}
    - target: {fileID: 8369564926395051033, guid: 08b82eb79103cfb4ea879440b305c663,
        type: 3}
      propertyPath: m_LocalPosition.x
      value: 0.299
      objectReference: {fileID: 0}
    - target: {fileID: 8369564926413692208, guid: 08b82eb79103cfb4ea879440b305c663,
        type: 3}
      propertyPath: m_LocalPosition.y
      value: -0.163
      objectReference: {fileID: 0}
    - target: {fileID: 8369564926413692208, guid: 08b82eb79103cfb4ea879440b305c663,
        type: 3}
      propertyPath: m_LocalPosition.z
      value: 0.078
      objectReference: {fileID: 0}
    - target: {fileID: 8369564926413692208, guid: 08b82eb79103cfb4ea879440b305c663,
        type: 3}
      propertyPath: m_LocalScale.x
      value: 0.9937862
      objectReference: {fileID: 0}
    - target: {fileID: 8369564926413692208, guid: 08b82eb79103cfb4ea879440b305c663,
        type: 3}
      propertyPath: m_LocalScale.y
      value: 0.9937862
      objectReference: {fileID: 0}
    - target: {fileID: 8369564926413692208, guid: 08b82eb79103cfb4ea879440b305c663,
        type: 3}
      propertyPath: m_LocalScale.z
      value: 0.9937862
      objectReference: {fileID: 0}
    - target: {fileID: 8369564926413692208, guid: 08b82eb79103cfb4ea879440b305c663,
        type: 3}
      propertyPath: m_LocalPosition.x
      value: 0.299
      objectReference: {fileID: 0}
    - target: {fileID: 8369564926423184210, guid: 08b82eb79103cfb4ea879440b305c663,
        type: 3}
      propertyPath: m_Name
      value: Fire
      objectReference: {fileID: 0}
    - target: {fileID: 8369564926423184215, guid: 08b82eb79103cfb4ea879440b305c663,
        type: 3}
      propertyPath: m_LocalPosition.x
      value: -0.0017892648
      objectReference: {fileID: 0}
    - target: {fileID: 8369564926423184215, guid: 08b82eb79103cfb4ea879440b305c663,
        type: 3}
      propertyPath: m_LocalPosition.y
      value: -0.00024380225
      objectReference: {fileID: 0}
    - target: {fileID: 8369564926423184215, guid: 08b82eb79103cfb4ea879440b305c663,
        type: 3}
      propertyPath: m_LocalPosition.z
      value: 0.001154249
      objectReference: {fileID: 0}
    - target: {fileID: 8369564926423184215, guid: 08b82eb79103cfb4ea879440b305c663,
        type: 3}
      propertyPath: m_LocalRotation.x
      value: 0.000000029802319
      objectReference: {fileID: 0}
    - target: {fileID: 8369564926423184215, guid: 08b82eb79103cfb4ea879440b305c663,
        type: 3}
      propertyPath: m_LocalRotation.y
      value: -0.000000029802319
      objectReference: {fileID: 0}
    - target: {fileID: 8369564926423184215, guid: 08b82eb79103cfb4ea879440b305c663,
        type: 3}
      propertyPath: m_LocalRotation.z
      value: 0.7239314
      objectReference: {fileID: 0}
    - target: {fileID: 8369564926423184215, guid: 08b82eb79103cfb4ea879440b305c663,
        type: 3}
      propertyPath: m_LocalRotation.w
      value: 0.6898721
      objectReference: {fileID: 0}
    - target: {fileID: 8369564926423184215, guid: 08b82eb79103cfb4ea879440b305c663,
        type: 3}
      propertyPath: m_RootOrder
      value: 0
      objectReference: {fileID: 0}
    - target: {fileID: 8369564926423184215, guid: 08b82eb79103cfb4ea879440b305c663,
        type: 3}
      propertyPath: m_LocalEulerAnglesHint.x
      value: -90
      objectReference: {fileID: 0}
    - target: {fileID: 8369564926423184215, guid: 08b82eb79103cfb4ea879440b305c663,
        type: 3}
      propertyPath: m_LocalEulerAnglesHint.y
      value: 0
      objectReference: {fileID: 0}
    - target: {fileID: 8369564926423184215, guid: 08b82eb79103cfb4ea879440b305c663,
        type: 3}
      propertyPath: m_LocalEulerAnglesHint.z
      value: 0
      objectReference: {fileID: 0}
    - target: {fileID: 8369564926423184215, guid: 08b82eb79103cfb4ea879440b305c663,
        type: 3}
      propertyPath: m_LocalScale.x
      value: 0.0023933926
      objectReference: {fileID: 0}
    - target: {fileID: 8369564926423184215, guid: 08b82eb79103cfb4ea879440b305c663,
        type: 3}
      propertyPath: m_LocalScale.y
      value: 0.0036070084
      objectReference: {fileID: 0}
    - target: {fileID: 8369564926423184215, guid: 08b82eb79103cfb4ea879440b305c663,
        type: 3}
      propertyPath: m_LocalScale.z
      value: 0.0048702196
      objectReference: {fileID: 0}
    m_RemovedComponents: []
  m_SourcePrefab: {fileID: 100100000, guid: 08b82eb79103cfb4ea879440b305c663, type: 3}
--- !u!4 &5298677629112166535 stripped
Transform:
  m_CorrespondingSourceObject: {fileID: 8369564926423184215, guid: 08b82eb79103cfb4ea879440b305c663,
    type: 3}
  m_PrefabInstance: {fileID: 4444496264759843792}
  m_PrefabAsset: {fileID: 0}
--- !u!1001 &5157400030857255088
PrefabInstance:
  m_ObjectHideFlags: 0
  serializedVersion: 2
  m_Modification:
    m_TransformParent: {fileID: 1424273820208659815}
    m_Modifications:
    - target: {fileID: 658856302869087127, guid: f3a9f5929cfe4c54495aa151560befa3,
        type: 3}
      propertyPath: m_LocalPosition.x
      value: -0.0007372931
      objectReference: {fileID: 0}
    - target: {fileID: 658856302869087127, guid: f3a9f5929cfe4c54495aa151560befa3,
        type: 3}
      propertyPath: m_LocalPosition.y
      value: 0.001192282
      objectReference: {fileID: 0}
    - target: {fileID: 658856302869087127, guid: f3a9f5929cfe4c54495aa151560befa3,
        type: 3}
      propertyPath: m_LocalPosition.z
      value: -0.0006901596
      objectReference: {fileID: 0}
    - target: {fileID: 658856302869087127, guid: f3a9f5929cfe4c54495aa151560befa3,
        type: 3}
      propertyPath: m_LocalRotation.x
      value: 0.000000029802319
      objectReference: {fileID: 0}
    - target: {fileID: 658856302869087127, guid: f3a9f5929cfe4c54495aa151560befa3,
        type: 3}
      propertyPath: m_LocalRotation.y
      value: -0.000000059604638
      objectReference: {fileID: 0}
    - target: {fileID: 658856302869087127, guid: f3a9f5929cfe4c54495aa151560befa3,
        type: 3}
      propertyPath: m_LocalRotation.z
      value: 0.5094714
      objectReference: {fileID: 0}
    - target: {fileID: 658856302869087127, guid: f3a9f5929cfe4c54495aa151560befa3,
        type: 3}
      propertyPath: m_LocalRotation.w
      value: 0.8604875
      objectReference: {fileID: 0}
    - target: {fileID: 658856302869087127, guid: f3a9f5929cfe4c54495aa151560befa3,
        type: 3}
      propertyPath: m_RootOrder
      value: 20
      objectReference: {fileID: 0}
    - target: {fileID: 658856302869087127, guid: f3a9f5929cfe4c54495aa151560befa3,
        type: 3}
      propertyPath: m_LocalEulerAnglesHint.x
      value: -90.00001
      objectReference: {fileID: 0}
    - target: {fileID: 658856302869087127, guid: f3a9f5929cfe4c54495aa151560befa3,
        type: 3}
      propertyPath: m_LocalEulerAnglesHint.y
      value: 0
      objectReference: {fileID: 0}
    - target: {fileID: 658856302869087127, guid: f3a9f5929cfe4c54495aa151560befa3,
        type: 3}
      propertyPath: m_LocalEulerAnglesHint.z
      value: -31.503002
      objectReference: {fileID: 0}
    - target: {fileID: 658856302869087127, guid: f3a9f5929cfe4c54495aa151560befa3,
        type: 3}
      propertyPath: m_LocalScale.z
      value: 0.090914145
      objectReference: {fileID: 0}
    - target: {fileID: 658856302869087127, guid: f3a9f5929cfe4c54495aa151560befa3,
        type: 3}
      propertyPath: m_LocalScale.x
      value: 1.0056885
      objectReference: {fileID: 0}
    - target: {fileID: 658856302869087127, guid: f3a9f5929cfe4c54495aa151560befa3,
        type: 3}
      propertyPath: m_LocalScale.y
      value: 1.8753815
      objectReference: {fileID: 0}
    - target: {fileID: 4790850970229833514, guid: f3a9f5929cfe4c54495aa151560befa3,
        type: 3}
      propertyPath: m_Name
      value: Bark
      objectReference: {fileID: 0}
    m_RemovedComponents: []
  m_SourcePrefab: {fileID: 100100000, guid: f3a9f5929cfe4c54495aa151560befa3, type: 3}
--- !u!4 &5671859670589889319 stripped
Transform:
  m_CorrespondingSourceObject: {fileID: 658856302869087127, guid: f3a9f5929cfe4c54495aa151560befa3,
    type: 3}
  m_PrefabInstance: {fileID: 5157400030857255088}
  m_PrefabAsset: {fileID: 0}
--- !u!1001 &5621508563262981381
PrefabInstance:
  m_ObjectHideFlags: 0
  serializedVersion: 2
  m_Modification:
    m_TransformParent: {fileID: 1424273820208659815}
    m_Modifications:
    - target: {fileID: 5517967515215324846, guid: 634f0aaf1bf30f345ad5b0f8cf57c9a5,
        type: 3}
      propertyPath: m_LocalPosition.x
      value: -0.0038
      objectReference: {fileID: 0}
    - target: {fileID: 5517967515215324846, guid: 634f0aaf1bf30f345ad5b0f8cf57c9a5,
        type: 3}
      propertyPath: m_LocalPosition.y
      value: 0.001885
      objectReference: {fileID: 0}
    - target: {fileID: 5517967515215324846, guid: 634f0aaf1bf30f345ad5b0f8cf57c9a5,
        type: 3}
      propertyPath: m_LocalPosition.z
      value: -0.00092
      objectReference: {fileID: 0}
    - target: {fileID: 5517967515215324846, guid: 634f0aaf1bf30f345ad5b0f8cf57c9a5,
        type: 3}
      propertyPath: m_LocalRotation.x
      value: -0.0000006556511
      objectReference: {fileID: 0}
    - target: {fileID: 5517967515215324846, guid: 634f0aaf1bf30f345ad5b0f8cf57c9a5,
        type: 3}
      propertyPath: m_LocalRotation.y
      value: -0.00000020861626
      objectReference: {fileID: 0}
    - target: {fileID: 5517967515215324846, guid: 634f0aaf1bf30f345ad5b0f8cf57c9a5,
        type: 3}
      propertyPath: m_LocalRotation.z
      value: 0.49364626
      objectReference: {fileID: 0}
    - target: {fileID: 5517967515215324846, guid: 634f0aaf1bf30f345ad5b0f8cf57c9a5,
        type: 3}
      propertyPath: m_LocalRotation.w
      value: 0.8696629
      objectReference: {fileID: 0}
    - target: {fileID: 5517967515215324846, guid: 634f0aaf1bf30f345ad5b0f8cf57c9a5,
        type: 3}
      propertyPath: m_RootOrder
      value: 17
      objectReference: {fileID: 0}
    - target: {fileID: 5517967515215324846, guid: 634f0aaf1bf30f345ad5b0f8cf57c9a5,
        type: 3}
      propertyPath: m_LocalEulerAnglesHint.x
      value: 0
      objectReference: {fileID: 0}
    - target: {fileID: 5517967515215324846, guid: 634f0aaf1bf30f345ad5b0f8cf57c9a5,
        type: 3}
      propertyPath: m_LocalEulerAnglesHint.y
      value: 0
      objectReference: {fileID: 0}
    - target: {fileID: 5517967515215324846, guid: 634f0aaf1bf30f345ad5b0f8cf57c9a5,
        type: 3}
      propertyPath: m_LocalEulerAnglesHint.z
      value: 59.161003
      objectReference: {fileID: 0}
    - target: {fileID: 5517967515215324846, guid: 634f0aaf1bf30f345ad5b0f8cf57c9a5,
        type: 3}
      propertyPath: m_LocalScale.x
      value: 0.03640391
      objectReference: {fileID: 0}
    - target: {fileID: 5517967515215324846, guid: 634f0aaf1bf30f345ad5b0f8cf57c9a5,
        type: 3}
      propertyPath: m_LocalScale.y
      value: 0.017692046
      objectReference: {fileID: 0}
    - target: {fileID: 5517967515215324846, guid: 634f0aaf1bf30f345ad5b0f8cf57c9a5,
        type: 3}
      propertyPath: m_LocalScale.z
      value: 0.065427005
      objectReference: {fileID: 0}
    - target: {fileID: 8847492857919640765, guid: 634f0aaf1bf30f345ad5b0f8cf57c9a5,
        type: 3}
      propertyPath: m_Name
      value: Rock (16)
      objectReference: {fileID: 0}
    m_RemovedComponents: []
  m_SourcePrefab: {fileID: 100100000, guid: 634f0aaf1bf30f345ad5b0f8cf57c9a5, type: 3}
--- !u!4 &184751459271091115 stripped
Transform:
  m_CorrespondingSourceObject: {fileID: 5517967515215324846, guid: 634f0aaf1bf30f345ad5b0f8cf57c9a5,
    type: 3}
  m_PrefabInstance: {fileID: 5621508563262981381}
  m_PrefabAsset: {fileID: 0}
--- !u!1001 &7051527770992000238
PrefabInstance:
  m_ObjectHideFlags: 0
  serializedVersion: 2
  m_Modification:
    m_TransformParent: {fileID: 1424273820208659815}
    m_Modifications:
    - target: {fileID: 5517967515215324846, guid: 634f0aaf1bf30f345ad5b0f8cf57c9a5,
        type: 3}
      propertyPath: m_LocalPosition.x
      value: 0.0015
      objectReference: {fileID: 0}
    - target: {fileID: 5517967515215324846, guid: 634f0aaf1bf30f345ad5b0f8cf57c9a5,
        type: 3}
      propertyPath: m_LocalPosition.y
      value: 0.00198
      objectReference: {fileID: 0}
    - target: {fileID: 5517967515215324846, guid: 634f0aaf1bf30f345ad5b0f8cf57c9a5,
        type: 3}
      propertyPath: m_LocalPosition.z
      value: -0.00092
      objectReference: {fileID: 0}
    - target: {fileID: 5517967515215324846, guid: 634f0aaf1bf30f345ad5b0f8cf57c9a5,
        type: 3}
      propertyPath: m_LocalRotation.x
      value: 0.000000057742
      objectReference: {fileID: 0}
    - target: {fileID: 5517967515215324846, guid: 634f0aaf1bf30f345ad5b0f8cf57c9a5,
        type: 3}
      propertyPath: m_LocalRotation.y
      value: 0.000000059604645
      objectReference: {fileID: 0}
    - target: {fileID: 5517967515215324846, guid: 634f0aaf1bf30f345ad5b0f8cf57c9a5,
        type: 3}
      propertyPath: m_LocalRotation.z
      value: -0.74800986
      objectReference: {fileID: 0}
    - target: {fileID: 5517967515215324846, guid: 634f0aaf1bf30f345ad5b0f8cf57c9a5,
        type: 3}
      propertyPath: m_LocalRotation.w
      value: 0.6636877
      objectReference: {fileID: 0}
    - target: {fileID: 5517967515215324846, guid: 634f0aaf1bf30f345ad5b0f8cf57c9a5,
        type: 3}
      propertyPath: m_RootOrder
      value: 12
      objectReference: {fileID: 0}
    - target: {fileID: 5517967515215324846, guid: 634f0aaf1bf30f345ad5b0f8cf57c9a5,
        type: 3}
      propertyPath: m_LocalEulerAnglesHint.x
      value: -90.00001
      objectReference: {fileID: 0}
    - target: {fileID: 5517967515215324846, guid: 634f0aaf1bf30f345ad5b0f8cf57c9a5,
        type: 3}
      propertyPath: m_LocalEulerAnglesHint.y
      value: 0
      objectReference: {fileID: 0}
    - target: {fileID: 5517967515215324846, guid: 634f0aaf1bf30f345ad5b0f8cf57c9a5,
        type: 3}
      propertyPath: m_LocalEulerAnglesHint.z
      value: -184.75099
      objectReference: {fileID: 0}
    - target: {fileID: 5517967515215324846, guid: 634f0aaf1bf30f345ad5b0f8cf57c9a5,
        type: 3}
      propertyPath: m_LocalScale.x
      value: 0.017389523
      objectReference: {fileID: 0}
    - target: {fileID: 5517967515215324846, guid: 634f0aaf1bf30f345ad5b0f8cf57c9a5,
        type: 3}
      propertyPath: m_LocalScale.y
      value: 0.02515813
      objectReference: {fileID: 0}
    - target: {fileID: 5517967515215324846, guid: 634f0aaf1bf30f345ad5b0f8cf57c9a5,
        type: 3}
      propertyPath: m_LocalScale.z
      value: 0.10434867
      objectReference: {fileID: 0}
    - target: {fileID: 8847492857919640765, guid: 634f0aaf1bf30f345ad5b0f8cf57c9a5,
        type: 3}
      propertyPath: m_Name
      value: Rock (12)
      objectReference: {fileID: 0}
    m_RemovedComponents: []
  m_SourcePrefab: {fileID: 100100000, guid: 634f0aaf1bf30f345ad5b0f8cf57c9a5, type: 3}
--- !u!4 &3265053781775768128 stripped
Transform:
  m_CorrespondingSourceObject: {fileID: 5517967515215324846, guid: 634f0aaf1bf30f345ad5b0f8cf57c9a5,
    type: 3}
  m_PrefabInstance: {fileID: 7051527770992000238}
  m_PrefabAsset: {fileID: 0}
--- !u!1001 &7555368017418510698
PrefabInstance:
  m_ObjectHideFlags: 0
  serializedVersion: 2
  m_Modification:
    m_TransformParent: {fileID: 1424273820208659815}
    m_Modifications:
    - target: {fileID: 5517967515215324846, guid: 634f0aaf1bf30f345ad5b0f8cf57c9a5,
        type: 3}
      propertyPath: m_LocalPosition.x
      value: -0.00371
      objectReference: {fileID: 0}
    - target: {fileID: 5517967515215324846, guid: 634f0aaf1bf30f345ad5b0f8cf57c9a5,
        type: 3}
      propertyPath: m_LocalPosition.y
      value: -0.00121
      objectReference: {fileID: 0}
    - target: {fileID: 5517967515215324846, guid: 634f0aaf1bf30f345ad5b0f8cf57c9a5,
        type: 3}
      propertyPath: m_LocalPosition.z
      value: -0.00092
      objectReference: {fileID: 0}
    - target: {fileID: 5517967515215324846, guid: 634f0aaf1bf30f345ad5b0f8cf57c9a5,
        type: 3}
      propertyPath: m_LocalRotation.x
      value: -0.00000005960465
      objectReference: {fileID: 0}
    - target: {fileID: 5517967515215324846, guid: 634f0aaf1bf30f345ad5b0f8cf57c9a5,
        type: 3}
      propertyPath: m_LocalRotation.y
      value: 0.000000089406974
      objectReference: {fileID: 0}
    - target: {fileID: 5517967515215324846, guid: 634f0aaf1bf30f345ad5b0f8cf57c9a5,
        type: 3}
      propertyPath: m_LocalRotation.z
      value: 0.30859008
      objectReference: {fileID: 0}
    - target: {fileID: 5517967515215324846, guid: 634f0aaf1bf30f345ad5b0f8cf57c9a5,
        type: 3}
      propertyPath: m_LocalRotation.w
      value: 0.9511951
      objectReference: {fileID: 0}
    - target: {fileID: 5517967515215324846, guid: 634f0aaf1bf30f345ad5b0f8cf57c9a5,
        type: 3}
      propertyPath: m_RootOrder
      value: 6
      objectReference: {fileID: 0}
    - target: {fileID: 5517967515215324846, guid: 634f0aaf1bf30f345ad5b0f8cf57c9a5,
        type: 3}
      propertyPath: m_LocalEulerAnglesHint.x
      value: 0
      objectReference: {fileID: 0}
    - target: {fileID: 5517967515215324846, guid: 634f0aaf1bf30f345ad5b0f8cf57c9a5,
        type: 3}
      propertyPath: m_LocalEulerAnglesHint.y
      value: 0
      objectReference: {fileID: 0}
    - target: {fileID: 5517967515215324846, guid: 634f0aaf1bf30f345ad5b0f8cf57c9a5,
        type: 3}
      propertyPath: m_LocalEulerAnglesHint.z
      value: 35.949
      objectReference: {fileID: 0}
    - target: {fileID: 5517967515215324846, guid: 634f0aaf1bf30f345ad5b0f8cf57c9a5,
        type: 3}
      propertyPath: m_LocalScale.x
      value: 0.035187118
      objectReference: {fileID: 0}
    - target: {fileID: 5517967515215324846, guid: 634f0aaf1bf30f345ad5b0f8cf57c9a5,
        type: 3}
      propertyPath: m_LocalScale.y
      value: 0.048348017
      objectReference: {fileID: 0}
    - target: {fileID: 5517967515215324846, guid: 634f0aaf1bf30f345ad5b0f8cf57c9a5,
        type: 3}
      propertyPath: m_LocalScale.z
      value: 0.063240126
      objectReference: {fileID: 0}
    - target: {fileID: 8847492857919640765, guid: 634f0aaf1bf30f345ad5b0f8cf57c9a5,
        type: 3}
      propertyPath: m_Name
      value: Rock (6)
      objectReference: {fileID: 0}
    m_RemovedComponents: []
  m_SourcePrefab: {fileID: 100100000, guid: 634f0aaf1bf30f345ad5b0f8cf57c9a5, type: 3}
--- !u!4 &2614846556043347908 stripped
Transform:
  m_CorrespondingSourceObject: {fileID: 5517967515215324846, guid: 634f0aaf1bf30f345ad5b0f8cf57c9a5,
    type: 3}
  m_PrefabInstance: {fileID: 7555368017418510698}
  m_PrefabAsset: {fileID: 0}
--- !u!1001 &7751325350629578838
PrefabInstance:
  m_ObjectHideFlags: 0
  serializedVersion: 2
  m_Modification:
    m_TransformParent: {fileID: 1424273820208659815}
    m_Modifications:
    - target: {fileID: 5517967515215324846, guid: 634f0aaf1bf30f345ad5b0f8cf57c9a5,
        type: 3}
      propertyPath: m_LocalPosition.x
      value: 0.0009
      objectReference: {fileID: 0}
    - target: {fileID: 5517967515215324846, guid: 634f0aaf1bf30f345ad5b0f8cf57c9a5,
        type: 3}
      propertyPath: m_LocalPosition.y
      value: 0.0025
      objectReference: {fileID: 0}
    - target: {fileID: 5517967515215324846, guid: 634f0aaf1bf30f345ad5b0f8cf57c9a5,
        type: 3}
      propertyPath: m_LocalPosition.z
      value: -0.00092
      objectReference: {fileID: 0}
    - target: {fileID: 5517967515215324846, guid: 634f0aaf1bf30f345ad5b0f8cf57c9a5,
        type: 3}
      propertyPath: m_LocalRotation.x
      value: 0.000000057742
      objectReference: {fileID: 0}
    - target: {fileID: 5517967515215324846, guid: 634f0aaf1bf30f345ad5b0f8cf57c9a5,
        type: 3}
      propertyPath: m_LocalRotation.y
      value: 0.000000059604645
      objectReference: {fileID: 0}
    - target: {fileID: 5517967515215324846, guid: 634f0aaf1bf30f345ad5b0f8cf57c9a5,
        type: 3}
      propertyPath: m_LocalRotation.z
      value: -0.74800986
      objectReference: {fileID: 0}
    - target: {fileID: 5517967515215324846, guid: 634f0aaf1bf30f345ad5b0f8cf57c9a5,
        type: 3}
      propertyPath: m_LocalRotation.w
      value: 0.6636877
      objectReference: {fileID: 0}
    - target: {fileID: 5517967515215324846, guid: 634f0aaf1bf30f345ad5b0f8cf57c9a5,
        type: 3}
      propertyPath: m_RootOrder
      value: 10
      objectReference: {fileID: 0}
    - target: {fileID: 5517967515215324846, guid: 634f0aaf1bf30f345ad5b0f8cf57c9a5,
        type: 3}
      propertyPath: m_LocalEulerAnglesHint.x
      value: -90.00001
      objectReference: {fileID: 0}
    - target: {fileID: 5517967515215324846, guid: 634f0aaf1bf30f345ad5b0f8cf57c9a5,
        type: 3}
      propertyPath: m_LocalEulerAnglesHint.y
      value: 0
      objectReference: {fileID: 0}
    - target: {fileID: 5517967515215324846, guid: 634f0aaf1bf30f345ad5b0f8cf57c9a5,
        type: 3}
      propertyPath: m_LocalEulerAnglesHint.z
      value: -184.75099
      objectReference: {fileID: 0}
    - target: {fileID: 5517967515215324846, guid: 634f0aaf1bf30f345ad5b0f8cf57c9a5,
        type: 3}
      propertyPath: m_LocalScale.x
      value: 0.017389523
      objectReference: {fileID: 0}
    - target: {fileID: 5517967515215324846, guid: 634f0aaf1bf30f345ad5b0f8cf57c9a5,
        type: 3}
      propertyPath: m_LocalScale.y
      value: 0.053188436
      objectReference: {fileID: 0}
    - target: {fileID: 5517967515215324846, guid: 634f0aaf1bf30f345ad5b0f8cf57c9a5,
        type: 3}
      propertyPath: m_LocalScale.z
      value: 0.046630025
      objectReference: {fileID: 0}
    - target: {fileID: 8847492857919640765, guid: 634f0aaf1bf30f345ad5b0f8cf57c9a5,
        type: 3}
      propertyPath: m_Name
      value: Rock (10)
      objectReference: {fileID: 0}
    m_RemovedComponents: []
  m_SourcePrefab: {fileID: 100100000, guid: 634f0aaf1bf30f345ad5b0f8cf57c9a5, type: 3}
--- !u!4 &2810808493392297720 stripped
Transform:
  m_CorrespondingSourceObject: {fileID: 5517967515215324846, guid: 634f0aaf1bf30f345ad5b0f8cf57c9a5,
    type: 3}
  m_PrefabInstance: {fileID: 7751325350629578838}
  m_PrefabAsset: {fileID: 0}
--- !u!1001 &8161069370525831652
PrefabInstance:
  m_ObjectHideFlags: 0
  serializedVersion: 2
  m_Modification:
    m_TransformParent: {fileID: 1424273820208659815}
    m_Modifications:
    - target: {fileID: 658856302869087127, guid: f3a9f5929cfe4c54495aa151560befa3,
        type: 3}
      propertyPath: m_LocalPosition.x
      value: 0.0016547503
      objectReference: {fileID: 0}
    - target: {fileID: 658856302869087127, guid: f3a9f5929cfe4c54495aa151560befa3,
        type: 3}
      propertyPath: m_LocalPosition.y
      value: -0.0007616562
      objectReference: {fileID: 0}
    - target: {fileID: 658856302869087127, guid: f3a9f5929cfe4c54495aa151560befa3,
        type: 3}
      propertyPath: m_LocalPosition.z
      value: -0.0016240627
      objectReference: {fileID: 0}
    - target: {fileID: 658856302869087127, guid: f3a9f5929cfe4c54495aa151560befa3,
        type: 3}
      propertyPath: m_LocalRotation.x
      value: -0.524528
      objectReference: {fileID: 0}
    - target: {fileID: 658856302869087127, guid: f3a9f5929cfe4c54495aa151560befa3,
        type: 3}
      propertyPath: m_LocalRotation.y
      value: 0.08333646
      objectReference: {fileID: 0}
    - target: {fileID: 658856302869087127, guid: f3a9f5929cfe4c54495aa151560befa3,
        type: 3}
      propertyPath: m_LocalRotation.z
      value: 0.7632109
      objectReference: {fileID: 0}
    - target: {fileID: 658856302869087127, guid: f3a9f5929cfe4c54495aa151560befa3,
        type: 3}
      propertyPath: m_LocalRotation.w
      value: 0.36801428
      objectReference: {fileID: 0}
    - target: {fileID: 658856302869087127, guid: f3a9f5929cfe4c54495aa151560befa3,
        type: 3}
      propertyPath: m_RootOrder
      value: 1
      objectReference: {fileID: 0}
    - target: {fileID: 658856302869087127, guid: f3a9f5929cfe4c54495aa151560befa3,
        type: 3}
      propertyPath: m_LocalEulerAnglesHint.x
      value: -25.839
      objectReference: {fileID: 0}
    - target: {fileID: 658856302869087127, guid: f3a9f5929cfe4c54495aa151560befa3,
        type: 3}
      propertyPath: m_LocalEulerAnglesHint.y
      value: 142.46901
      objectReference: {fileID: 0}
    - target: {fileID: 658856302869087127, guid: f3a9f5929cfe4c54495aa151560befa3,
        type: 3}
      propertyPath: m_LocalEulerAnglesHint.z
      value: -106.715004
      objectReference: {fileID: 0}
    - target: {fileID: 658856302869087127, guid: f3a9f5929cfe4c54495aa151560befa3,
        type: 3}
      propertyPath: m_LocalScale.x
      value: 0.28708065
      objectReference: {fileID: 0}
    - target: {fileID: 658856302869087127, guid: f3a9f5929cfe4c54495aa151560befa3,
        type: 3}
      propertyPath: m_LocalScale.y
      value: 0.20634145
      objectReference: {fileID: 0}
    - target: {fileID: 658856302869087127, guid: f3a9f5929cfe4c54495aa151560befa3,
        type: 3}
      propertyPath: m_LocalScale.z
      value: 0.4020257
      objectReference: {fileID: 0}
    - target: {fileID: 4790850970229833514, guid: f3a9f5929cfe4c54495aa151560befa3,
        type: 3}
      propertyPath: m_Name
      value: Bark (3)
      objectReference: {fileID: 0}
    m_RemovedComponents: []
  m_SourcePrefab: {fileID: 100100000, guid: f3a9f5929cfe4c54495aa151560befa3, type: 3}
--- !u!4 &8675422769477407347 stripped
Transform:
  m_CorrespondingSourceObject: {fileID: 658856302869087127, guid: f3a9f5929cfe4c54495aa151560befa3,
    type: 3}
  m_PrefabInstance: {fileID: 8161069370525831652}
  m_PrefabAsset: {fileID: 0}
--- !u!1001 &8557613809429665954
PrefabInstance:
  m_ObjectHideFlags: 0
  serializedVersion: 2
  m_Modification:
    m_TransformParent: {fileID: 1424273820208659815}
    m_Modifications:
    - target: {fileID: 5517967515215324846, guid: 634f0aaf1bf30f345ad5b0f8cf57c9a5,
        type: 3}
      propertyPath: m_LocalPosition.x
      value: 0.00049
      objectReference: {fileID: 0}
    - target: {fileID: 5517967515215324846, guid: 634f0aaf1bf30f345ad5b0f8cf57c9a5,
        type: 3}
      propertyPath: m_LocalPosition.y
      value: -0.00165
      objectReference: {fileID: 0}
    - target: {fileID: 5517967515215324846, guid: 634f0aaf1bf30f345ad5b0f8cf57c9a5,
        type: 3}
      propertyPath: m_LocalPosition.z
      value: -0.00092
      objectReference: {fileID: 0}
    - target: {fileID: 5517967515215324846, guid: 634f0aaf1bf30f345ad5b0f8cf57c9a5,
        type: 3}
      propertyPath: m_LocalRotation.x
      value: -0.000000029802319
      objectReference: {fileID: 0}
    - target: {fileID: 5517967515215324846, guid: 634f0aaf1bf30f345ad5b0f8cf57c9a5,
        type: 3}
      propertyPath: m_LocalRotation.y
      value: -0.00000008940696
      objectReference: {fileID: 0}
    - target: {fileID: 5517967515215324846, guid: 634f0aaf1bf30f345ad5b0f8cf57c9a5,
        type: 3}
      propertyPath: m_LocalRotation.z
      value: 0.6053087
      objectReference: {fileID: 0}
    - target: {fileID: 5517967515215324846, guid: 634f0aaf1bf30f345ad5b0f8cf57c9a5,
        type: 3}
      propertyPath: m_LocalRotation.w
      value: 0.79599077
      objectReference: {fileID: 0}
    - target: {fileID: 5517967515215324846, guid: 634f0aaf1bf30f345ad5b0f8cf57c9a5,
        type: 3}
      propertyPath: m_RootOrder
      value: 18
      objectReference: {fileID: 0}
    - target: {fileID: 5517967515215324846, guid: 634f0aaf1bf30f345ad5b0f8cf57c9a5,
        type: 3}
      propertyPath: m_LocalEulerAnglesHint.x
      value: 0
      objectReference: {fileID: 0}
    - target: {fileID: 5517967515215324846, guid: 634f0aaf1bf30f345ad5b0f8cf57c9a5,
        type: 3}
      propertyPath: m_LocalEulerAnglesHint.y
      value: 0
      objectReference: {fileID: 0}
    - target: {fileID: 5517967515215324846, guid: 634f0aaf1bf30f345ad5b0f8cf57c9a5,
        type: 3}
      propertyPath: m_LocalEulerAnglesHint.z
      value: 74.50201
      objectReference: {fileID: 0}
    - target: {fileID: 5517967515215324846, guid: 634f0aaf1bf30f345ad5b0f8cf57c9a5,
        type: 3}
      propertyPath: m_LocalScale.x
      value: 0.02808752
      objectReference: {fileID: 0}
    - target: {fileID: 5517967515215324846, guid: 634f0aaf1bf30f345ad5b0f8cf57c9a5,
        type: 3}
      propertyPath: m_LocalScale.y
      value: 0.03387942
      objectReference: {fileID: 0}
    - target: {fileID: 5517967515215324846, guid: 634f0aaf1bf30f345ad5b0f8cf57c9a5,
        type: 3}
      propertyPath: m_LocalScale.z
      value: 0.04594809
      objectReference: {fileID: 0}
    - target: {fileID: 8847492857919640765, guid: 634f0aaf1bf30f345ad5b0f8cf57c9a5,
        type: 3}
      propertyPath: m_Name
      value: Rock (5)
      objectReference: {fileID: 0}
    m_RemovedComponents: []
  m_SourcePrefab: {fileID: 100100000, guid: 634f0aaf1bf30f345ad5b0f8cf57c9a5, type: 3}
--- !u!4 &4202142484404747788 stripped
Transform:
  m_CorrespondingSourceObject: {fileID: 5517967515215324846, guid: 634f0aaf1bf30f345ad5b0f8cf57c9a5,
    type: 3}
  m_PrefabInstance: {fileID: 8557613809429665954}
  m_PrefabAsset: {fileID: 0}
--- !u!1001 &8808879176956256113
PrefabInstance:
  m_ObjectHideFlags: 0
  serializedVersion: 2
  m_Modification:
    m_TransformParent: {fileID: 1424273820208659815}
    m_Modifications:
    - target: {fileID: 5517967515215324846, guid: 634f0aaf1bf30f345ad5b0f8cf57c9a5,
        type: 3}
      propertyPath: m_LocalPosition.x
      value: 0.0029
      objectReference: {fileID: 0}
    - target: {fileID: 5517967515215324846, guid: 634f0aaf1bf30f345ad5b0f8cf57c9a5,
        type: 3}
      propertyPath: m_LocalPosition.y
      value: -0.00008
      objectReference: {fileID: 0}
    - target: {fileID: 5517967515215324846, guid: 634f0aaf1bf30f345ad5b0f8cf57c9a5,
        type: 3}
      propertyPath: m_LocalPosition.z
      value: -0.00092
      objectReference: {fileID: 0}
    - target: {fileID: 5517967515215324846, guid: 634f0aaf1bf30f345ad5b0f8cf57c9a5,
        type: 3}
      propertyPath: m_LocalRotation.x
      value: -0.000000029802319
      objectReference: {fileID: 0}
    - target: {fileID: 5517967515215324846, guid: 634f0aaf1bf30f345ad5b0f8cf57c9a5,
        type: 3}
      propertyPath: m_LocalRotation.y
      value: 0.00000077486027
      objectReference: {fileID: 0}
    - target: {fileID: 5517967515215324846, guid: 634f0aaf1bf30f345ad5b0f8cf57c9a5,
        type: 3}
      propertyPath: m_LocalRotation.z
      value: 0.90071577
      objectReference: {fileID: 0}
    - target: {fileID: 5517967515215324846, guid: 634f0aaf1bf30f345ad5b0f8cf57c9a5,
        type: 3}
      propertyPath: m_LocalRotation.w
      value: 0.4344089
      objectReference: {fileID: 0}
    - target: {fileID: 5517967515215324846, guid: 634f0aaf1bf30f345ad5b0f8cf57c9a5,
        type: 3}
      propertyPath: m_RootOrder
      value: 11
      objectReference: {fileID: 0}
    - target: {fileID: 5517967515215324846, guid: 634f0aaf1bf30f345ad5b0f8cf57c9a5,
        type: 3}
      propertyPath: m_LocalEulerAnglesHint.x
      value: 0
      objectReference: {fileID: 0}
    - target: {fileID: 5517967515215324846, guid: 634f0aaf1bf30f345ad5b0f8cf57c9a5,
        type: 3}
      propertyPath: m_LocalEulerAnglesHint.y
      value: 0
      objectReference: {fileID: 0}
    - target: {fileID: 5517967515215324846, guid: 634f0aaf1bf30f345ad5b0f8cf57c9a5,
        type: 3}
      propertyPath: m_LocalEulerAnglesHint.z
      value: 128.505
      objectReference: {fileID: 0}
    - target: {fileID: 5517967515215324846, guid: 634f0aaf1bf30f345ad5b0f8cf57c9a5,
        type: 3}
      propertyPath: m_LocalScale.x
      value: 0.029661046
      objectReference: {fileID: 0}
    - target: {fileID: 5517967515215324846, guid: 634f0aaf1bf30f345ad5b0f8cf57c9a5,
        type: 3}
      propertyPath: m_LocalScale.y
      value: 0.04075809
      objectReference: {fileID: 0}
    - target: {fileID: 5517967515215324846, guid: 634f0aaf1bf30f345ad5b0f8cf57c9a5,
        type: 3}
      propertyPath: m_LocalScale.z
      value: 0.053309992
      objectReference: {fileID: 0}
    - target: {fileID: 8847492857919640765, guid: 634f0aaf1bf30f345ad5b0f8cf57c9a5,
        type: 3}
      propertyPath: m_Name
      value: Rock (11)
      objectReference: {fileID: 0}
    m_RemovedComponents: []
  m_SourcePrefab: {fileID: 100100000, guid: 634f0aaf1bf30f345ad5b0f8cf57c9a5, type: 3}
--- !u!4 &3939715950632106463 stripped
Transform:
  m_CorrespondingSourceObject: {fileID: 5517967515215324846, guid: 634f0aaf1bf30f345ad5b0f8cf57c9a5,
    type: 3}
  m_PrefabInstance: {fileID: 8808879176956256113}
  m_PrefabAsset: {fileID: 0}
